3172 4902
749 321 956 422 ,έθ-

380 525 487 595 Louna
510 526 779 596 antecedentibus
802 531 915 598 similis
938 535 1007 597 este

320 631 439 700 Aesob.
461 633 525 721 Ag.
549 632 642 701 1275.
665 637 721 699 καί
737 636 797 701 νῦν
818 633 836 701 ὁ
855 633 970 720 μάντις
991 633 1109 720 μάντιν
1129 634 1293 722 ἐκπράξας
1314 635 1381 724 ἐμὲ,

381 735 521 830 ἀπήγαγ’
542 736 574 816 ἐς
594 737 726 806 τοιάσδε
748 744 950 826 θανασίμους
971 738 1086 826 τύχας,

279 848 314 908 et
335 861 421 909 nuno
443 839 583 930 quidem,
607 842 684 909 dioit
706 844 904 932 Cassandro,
925 851 1020 913 vetes
1042 850 1151 912 vatem
1173 864 1227 912 me
1249 842 1426 914 ooudeieus

280 945 521 1034 (oouieoturus)
545 997 552 1013 .
575 997 582 1013 .
605 945 751 1015 deduxit
773 987 815 998 -

383 1068 457 1170 Nou
487 1069 629 1136 ebenum
663 1069 811 1156 ridetur,
843 1073 1035 1160 priusquam
1069 1071 1113 1138 ad
1148 1091 1233 1138 nove
1269 1073 1422 1161 exempla
1561 1169 1562 1178 ἵ

280 1179 420 1258 bauseo,
442 1193 548 1263 panea
578 1172 620 1242 do
650 1175 713 1242 hoo
743 1177 896 1242 universo
925 1197 1048 1265 genere
1079 1176 1297 1266 praemittere
1342 1175 1424 1242 (tum

280 1279 364 1345 enirn
391 1279 504 1366 lingua
527 1277 656 1344 Graeoa
687 1281 781 1367 eopia
811 1282 1055 1369 partieipiorum
1085 1279 1251 1364 abundet,
1283 1281 1425 1367 aliquam

279 1383 440 1450 notionem
464 1383 568 1449 minue
591 1405 726 1470 gravem
748 1384 1041 1475 seounderiamque
1063 1386 1106 1453 ad
1130 1385 1314 1475 primariam
1346 1385 1425 1450 soti·

280 1509 374 1557 ouem
397 1489 644 1574 gravioremque
675 1488 855 1576 partieipiie
887 1491 1010 1557 referre
1040 1497 1156 1578 potest
1209 1490 1325 1576 Neque
1348 1509 1424 1556 vero

279 1612 423 1679 uuquam
445 1592 615 1681 pertioipio
639 1596 799 1661 notionem
829 1601 888 1661 aut
919 1617 959 1662 en
990 1616 1076 1683 qnae
1107 1616 1172 1664 uon
1202 1595 1333 1661 minoris
1359 1615 1426 1660 mo-

280 1696 381 1764 menti
412 1717 510 1784 quam
541 1698 626 1764 sotio
657 1699 758 1766 verbo
788 1698 880 1765 finito
912 1720 1071 1789 expressa
1103 1699 1243 1767 iudioeri
1273 1697 1426 1788 equidem

281 1799 484 1869 Kriebauifio
496 1801 522 1888 ¹)
556 1803 724 1869 assentior.
778 1802 888 1879 Quare
919 1805 961 1887 ii,
992 1806 1049 1893 qui
1071 1806 1101 1871 si
1121 1805 1291 1893 pertioipio
1314 1804 1426 1870 aoristi

280 1905 368 1994 prior
390 1907 474 1973 aotio
496 1927 593 1994 quam
618 1909 703 1974 sotio
724 1909 815 1974 verbi
832 1908 914 1975 finiti
933 1911 1069 1999 exprimi
1086 1932 1151 1976 non
1173 1915 1283 1997 potest
1303 1907 1426 1976 soordi·

281 2010 424 2096 natioue,
446 2009 478 2075 id
503 2021 553 2076 eet
574 2013 734 2099 partionis
755 2015 808 2080 καὶ
826 2022 859 2080 et
877 2016 977 2081 uerbo
999 2012 1091 2082 finito
1108 2013 1142 2080 id
1161 2015 1427 2101 interpretantur,

282 2135 346 2182 uon
367 2125 457 2182 reete
480 2123 617 2182 vertunt
670 2117 739 2183 Noe
763 2120 862 2202 euim,
894 2120 949 2206 qui
981 2140 1045 2185 uon
1076 2139 1182 2207 aequa
1212 2119 1307 2205 eopia
1328 2117 1429 2205 perti·

283 2218 437 2308 oipiorum
470 2219 694 2305 abundamus,
726 2243 789 2289 nou
816 2229 863 2288 its
886 2233 1036 2290 aeourete
1059 2224 1102 2290 ab
1125 2224 1253 2291 notione
1275 2221 1428 2310 primaria

282 2321 484 2412 distinguere
515 2326 675 2411 solemus,
709 2326 828 2394 Graeoi
855 2337 966 2395 autem
990 2328 1034 2395 ad
1055 2328 1200 2415 aliquam
1223 2348 1291 2394 rem
1314 2346 1428 2392 seouu·

281 2427 406 2496 dariam
436 2429 684 2516 signifioaudam
712 2433 883 2521 partieipia
917 2438 1044 2520 ponunt
1065 2433 1106 2500 ob
1130 2452 1269 2520 eamque
1292 2451 1428 2499 oensem

282 2535 501 2623 φιλομέταχοι,
532 2534 567 2599 id
589 2542 641 2601 est
661 2537 904 2624 participiorum
927 2545 1078 2604 amantes
1100 2537 1317 2625 appellantur.
1361 2533 1429 2603 Sed

282 2639 347 2706 iem
370 2640 432 2707 hoo
454 2639 614 2728 exemplis
637 2641 815 2708 illustrabo.

385 2760 436 2828 Aa
460 2761 596 2851 primum
619 2762 750 2850 quidem
771 2771 885 2851 repeto
907 2765 1023 2850 ionum,
1045 2784 1142 2852 quem
1165 2764 1230 2831 iam
1254 2762 1345 2852 (pag.
1370 2763 1427 2851 16)

283 2866 428 2952 laudavi,
451 2865 472 2936 i.
495 2887 523 2934 e.

326 2988 445 3056 Aaou
467 2989 530 3077 Ag.
554 2989 647 3058 1275.
669 2992 723 3057 καὶ
743 2993 802 3057 νῦν
822 2989 841 3057 ὅ
860 2989 975 3076 μάντις
995 2989 1117 3076 μάντιν
1139 2985 1301 3078 ἐκπράξας
1321 2987 1380 3076 qo

387 3091 525 3186 ἀπήγαγ’
546 3093 579 3174 ἐς
600 3094 730 3164 τοιάσδε
751 3101 955 3182 θανασίμους
975 3095 1082 3180 τύχας.

283 3217 479 3286 Beatissimo
510 3237 547 3284 se
577 3217 695 3302 babet,
726 3217 812 3305 qnod
834 3220 1116 3308 Naegelsbnobius
1125 3219 1155 3305 ²)
1178 3217 1222 3285 ad
1242 3237 1357 3284 versus
1379 3216 1431 3284 bis

285 3320 519 3389 anteeedeutes
541 3321 697 3390 adnotet:
718 3325 809 3412 „ipsa
824 3331 873 3392 vis
891 3327 1077 3392 sententiae
1094 3325 1250 3413 postulat,
1267 3329 1307 3389 ut
1323 3320 1432 3389 derisa

284 3433 379 3494 rates
410 3447 484 3495 esee
516 3426 645 3494 diostur
677 3449 741 3496 nou
769 3431 812 3496 ab
833 3430 983 3496 hostibus
1005 3436 1064 3496 aut
1085 3429 1223 3495 iuimiaie
1246 3428 1324 3514 (hoe
1347 3427 1431 3494 euim

285 3533 432 3623 plurimis
454 3531 573 3600 aoeidit
593 3553 700 3620 neque
721 3533 870 3600 mirnbile
891 3532 1067 3623 quidquem
1090 3533 1213 3616 babet),
1236 3531 1297 3598 sed
1314 3553 1336 3598 a
1353 3532 1430 3612 suis,

286 3639 343 3726 qui
373 3637 537 3706 iuimioum
568 3639 711 3704 snimum
741 3639 941 3727 gessisseut3
973 3640 1003 3706 b.
1027 3659 1053 3706 e.
1076 3637 1178 3726 praa
1200 3634 1256 3705 ὑπ’
1278 3636 1433 3724 upupae,

287 3743 375 3811 Hnio
397 3745 512 3832 (qnam
537 3744 571 3810 in
601 3745 708 3833 patrie
738 3765 896 3834 perpessa
919 3751 989 3830 est,
1019 3743 1174 3826 iniurias)
1196 3743 1331 3832 opponit
1353 3743 1434 3810 Oes-

393 3935 412 4006 ¹)
430 3934 616 4007 Kriobnnii‚
634 3939 737 4008 quaest.
755 3939 788 3994 de
805 3941 872 4009 part
890 3955 931 4009 sp.
950 3937 1029 4006 Septa
1048 3951 1101 3990 nen
1122 3937 1192 4006 (pag.
1210 3934 1265 4004 86).

391 4027 413 4094 ²)
431 4023 589 4096 samylas‘
612 4029 706 4098 egam.
728 4043 778 4084 sna
801 4025 1007 4099 Naegelsbsob's
1028 4023 1174 4094 ummo,
1197 4023 1353 4096 berausgeg.
1380 4039 1432 4080 von

287 4111 331 4170 br.
348 4111 414 4186 list,
432 4111 565 4188 merges
583 4113 652 4172 1863
669 4115 749 4186 (rena
764 4115 831 4172 1271
850 4117 911 4188 eq).
