3172 4902
766 319 973 440 -ο,

403 536 464 613 bor
484 548 555 614 1000
578 547 758 614 simillimus
782 554 833 615 eo
848 527 934 615 σοι’

342 641 460 717 deson.
484 651 626 740 Ohoeph.
650 653 722 720 556.
745 653 785 731 ὥς
807 648 849 720 όν
871 651 954 738 δόλῳ
976 657 1153 729 κτείναντες
1174 649 1279 736 ἄνδρα
1300 653 1405 736 τίμιον

403 755 486 840 δόλῳ
507 782 543 823 τε
564 763 617 823 καὶ
639 759 808 847 ληφθῶσιν
830 757 865 825 ἓν
885 755 994 842 ταύτῷ
1014 755 1116 843 βρόχῳ

402 859 569 946 θανόντες,
590 850 609 950 ᾗ
633 865 685 929 καὶ
706 865 827 942 Λοξίας
848 859 1012 955 ἐφήμισεν,

299 963 434 1030 Orestes
468 965 552 1030 euim
584 967 630 1032 ite
659 967 821 1054 loquitur:
850 966 988 1034 oelsndu
1017 967 1099 1034 bueo
1131 970 1223 1047 suni,
1250 970 1288 1029 ui
1322 961 1439 1029 iisdem

298 1068 424 1154 laqueis
453 1069 624 1157 capientur
655 1072 916 1157 morienturqu03
954 1090 1090 1138 neeesse
1121 1076 1174 1136 est
1206 1069 1291 1136 enim
1323 1067 1440 1133 Oreste

298 1171 431 1258 quidem
460 1173 568 1242 iudiee
601 1196 643 1241 ex
676 1175 803 1241 insidiis
836 1175 906 1242 fieri
938 1169 1069 1258 nonem,
1101 1173 1253 1259 eoiioque
1284 1169 1442 1260 primerio

296 1275 377 1343 illud
388 1277 559 1365 ληφθῶσιν
574 1286 633 1363 esi,
650 1281 720 1346 sine
743 1301 806 1366 quo
824 1278 944 1346 euodes
965 1276 1037 1344 deri
1057 1277 1146 1344 nulle
1167 1280 1287 1364 potest.
1321 1274 1441 1350 Quem·

298 1381 410 1447 obrem
440 1382 527 1468 quod
558 1382 699 1450 Weilius
735 1384 873 1450 mutavit
904 1380 983 1449 illud
1014 1382 1185 1470 ληφθῶσιν
1215 1379 1374 1456 θανόντες
1405 1379 1439 1444 iu

297 1488 477 1576 ληφθέντες
497 1485 640 1572 θάνωσι,
672 1510 768 1576 quem
801 1491 873 1579 ipse
903 1485 1093 1554 Diudoriius
1116 1492 1248 1553 seoutus
1271 1492 1337 1566 eet,
1369 1485 1440 1550 iuu-

298 1591 398 1656 tiliior
418 1597 565 1658 mutasse
587 1591 724 1661 videtur.
743 1631 786 1642 —

341 1711 418 1779 Eur.
433 1711 520 1800 Oyoi.
534 1714 606 1781 182.
628 1712 687 1806 τὴν
705 1714 867 1800 προδότιν,
883 1712 903 1808 ἥ
920 1712 993 1792 τοδς
1011 1712 1172 1791 θνλπὶκονς
1189 1709 1262 1791 τοδς
1279 1711 1440 1786 πακίλονς

400 1821 476 1903 περὶ
496 1823 565 1886 τοῖν
587 1820 711 1887 σκελοῖν
731 1819 845 1888 ἰδοῖσα
866 1822 919 1887 καὶ
939 1817 997 1886 τόν
1017 1817 1152 1908 χρύσεον

401 1921 501 2008 κλῳόν
521 1926 681 2009 φοροῦντα
703 1927 778 2013 περλ
798 1934 899 2010 μέσον
919 1922 977 1992 τόν
998 1922 1119 2008 αὐχένα

400 2025 594 2119 ἐξεπτοὴθη,
617 2029 789 2096 Μενέλεων
810 2026 1003 2116 ἀνθρώπιον

399 2133 523 2216 λῷστον
543 2134 686 2202 λιποῦσα
708 2185 714 2200 .
738 2185 745 2199 .
769 2186 786 2219 .,
815 2134 873 2201 nbi
904 2135 982 2202 item
1013 2132 1201 2222 prinoipslie
1228 2130 1314 2197 sotio
1338 2128 1439 2196 verbo

295 2233 386 2303 finito
410 2234 607 2330 (δξεπτοὴθη
636 2240 655 2304 i.
679 2261 706 2306 e.
728 2239 777 2305 sie
798 2239 900 2305 kunm
922 2259 1038 2305 ausser
1060 2239 1141 2323 siob)
1163 2233 1337 2318 indentur,
1364 2252 1439 2321 pur-

295 2341 405 2429 iieipio
426 2342 482 2408 illo
503 2344 644 2411 λιποῦσα
670 2363 724 2410 res
748 2341 941 2410 eeoundurie
972 2343 1154 2409 erotissime
1183 2360 1256 2407 eum
1288 2338 1345 2405 iiie
1375 2337 1439 2426 pri·

294 2446 397 2512 morin
420 2466 546 2513 oonsxe
567 2444 710 2534 indeque
730 2467 868 2513 manuus
890 2445 1102 2536 rignifimrur.
1124 2481 1164 2494 -

398 2583 475 2650 Huo
498 2590 606 2651 eutem
629 2587 771 2673 pertinet
793 2586 891 2653 etium
912 2585 1013 2653 illud:

337 2687 456 2756 Aesob
479 2688 542 2776 Ag.
565 2689 637 2757 966.
668 2693 753 2779 ῥίζης
781 2687 841 2777 γδρ
871 2687 966 2780 οόσης
995 2687 1116 2778 φαλλός
1147 2684 1222 2756 ἵκετ’
1252 2687 1284 2766 ἐς
1313 2687 1438 2776 δόμονς,

398 2793 493 2861 σκιδν
514 2791 728 2878 δπερτείνασα
750 2797 867 2884 σειρίον
888 2793 987 2874 αννός.

294 2913 382 2982 Huio
411 2917 483 2982 Ιοοο
513 2921 548 2981 ei
580 2917 739 2985 similibus
768 2916 974 2985 Rieokberus
985 2919 1013 3006 ¹)
1039 2918 1123 2985 heeo
1148 2917 1218 2985 iere
1239 2915 1438 3006 praemittit:

293 3022 430 3110 tempori
461 3022 641 3107 praeterito
670 3023 877 3110 partieipiurn
907 3022 1153 3090 subordinatum
1177 3023 1211 3088 in
1238 3023 1359 3088 norisio
1381 3041 1438 3108 po·

295 3128 393 3194 situm
416 3146 489 3194 esse
512 3125 554 3191 ob
578 3145 649 3193 eum
671 3146 822 3213 oensem,
855 3126 943 3216 quod
970 3127 998 3193 is
1027 3128 1083 3216 qui
1112 3149 1182 3194 rem
1203 3131 1317 3194 uomet
1337 3125 1438 3215 perti·

293 3233 378 3320 oipio
413 3249 519 3318 eoque
555 3250 595 3296 eo
627 3233 718 3299 verbi
753 3231 836 3298 finiti
869 3232 1047 3321 praeteribo
1081 3237 1228 3320 tempore
1257 3232 1437 3320 praeterite

293 3335 476 3425 exprimere
499 3337 562 3404 sibi
583 3333 725 3422 uidetur3
749 3338 963 3404 obversentur
986 3337 1071 3404 enim
1088 3337 1242 3405 scribenti
1260 3333 1326 3403 duo
1343 3356 1436 3424 pree·

294 3441 391 3508 terite
423 3439 584 3529 porticula
614 3442 667 3508 noi
697 3441 889 3526 ooninnote3
925 3443 1017 3510 ouius
1046 3441 1147 3532 igitur
1184 3440 1436 3508 ooordinetionie

293 3545 363 3614 looo
394 3564 468 3612 oum
497 3545 541 3612 eb
575 3566 614 3612 eo
650 3543 873 3613 subordinatio
912 3546 1127 3635 pertioipielis
1167 3550 1331 3630 struatur,
1370 3562 1435 3609 nou

292 3649 382 3717 illum
404 3646 537 3737 quidem
558 3655 648 3716 reete
671 3655 812 3733 struere,
843 3647 876 3712 id
899 3655 949 3716 esi
970 3670 1035 3717 nou
1057 3649 1219 3738 periente,
1254 3655 1291 3716 ui
1321 3644 1435 3714 similis

292 3756 336 3821 eit
357 3756 439 3822 boen
460 3755 542 3820 ratio
564 3753 618 3820 illo
640 3753 742 3842 primo
766 3761 799 3820 ot
820 3773 884 3820 non
905 3754 1051 3843 perfeeto
1072 3755 1187 3844 generi
1208 3750 1345 3822 dioeudi.
1388 3749 1436 3817 Ar

292 3858 370 3925 mibi
392 3879 457 3925 nou
477 3857 651 3926 verisimile
672 3858 802 3926 videtur
832 3859 992 3927 rodonem
1023 3880 1088 3926 nou
1108 3861 1215 3928 miuus
1236 3878 1371 3948 merem
1393 3857 1434 3923 ob

293 4137 355 4212 (M
397 4049 417 4120 ¹)
436 4049 611 4122 Rieokber‚
634 4051 700 4106 iiber
717 4051 788 4108 Peri.
807 4053 854 4108 des
871 4067 910 4124 gr.
930 4051 1029 4124 borist,
1052 4051 1086 4108 11.
1105 4051 1172 4120 Teii,
1195 4049 1338 4106 Heilbronn
1366 4049 1434 4108 1853

356 4177 362 4192 .
381 4138 436 4210 lb).
