3172 4902
845 329 890 402 26

295 541 354 610 ubi
376 543 493 610 ohorue
515 541 657 629 quaerit:
678 539 766 630 quid,
784 541 922 631 Oedipo,
939 539 1056 608 mulier
1078 535 1161 604 abiit
1182 554 1226 601 ox
1243 531 1312 600 auri
1330 529 1447 600 delore

296 648 479 716 festinans?

339 753 416 821 Eur.
438 751 493 820 Or.
516 749 612 820 1169.
635 803 641 818 .
665 805 671 818 .
695 747 732 818 ὃν
752 749 791 818 οὐ
812 753 1011 836 καταισχυνῶ

402 858 517 924 δοῦλον
539 855 714 943 παρασχών
735 855 894 941 θάνατοι),
916 907 924 923 .
946 907 954 923 .

297 982 394 1049 quom
417 961 719 1050 (Agamemnonem)
742 983 807 1028 non
827 960 969 1029 foedabo
990 958 1115 1025 servitii
1141 960 1279 1022 mortem
1299 951 1446 1041 petione.

337 1065 414 1134 Eur.
438 1065 512 1132 Jon.
536 1066 629 1134 1555.
651 1065 818 1151 ἐπώνυμος
839 1070 877 1133 δὲ
898 1069 954 1158 σῆς
976 1061 1137 1152 ἀφικόμην
1160 1057 1288 1146 χθονὸς,

397 1169 539 1258 Παλλὰς,
561 1170 722 1239 σπεύσασ’
743 1169 935 1249 Ἀπόλλωνος
957 1168 1057 1255 πάρα,

336 1275 414 1342 Eur.
436 1275 511 1342 Hel.
534 1277 608 1343 507.
633 1275 758 1363 κρύψας
779 1273 921 1361 ἐμαυτὸν
941 1269 1004 1360 εἶμι
1026 1270 1106 1359 πρὸς
1128 1268 1275 1354 ναυάγια,

293 1380 351 1446 ubi
373 1379 563 1447 Badhamue
586 1381 711 1468 κρύψας
732 1389 838 1449 mutet
860 1382 894 1448 in
915 1379 1064 1469 κρύψειν,
1096 1375 1240 1443 sednon
1263 1379 1373 1455 route,
1391 1372 1445 1438 'ut

294 1484 372 1548 mihi
391 1484 528 1552 videtur.
573 1486 743 1554 Sententia
761 1487 847 1554 onim
864 1506 929 1553 non
946 1486 1031 1552 haeo
1049 1487 1112 1549 eet:
1136 1480 1179 1548 ad
1196 1480 1319 1546 ireutae
1336 1498 1443 1545 naver

293 1591 357 1674 ibo,
378 1597 416 1656 ut
436 1611 488 1657 mo
510 1593 679 1671 occultem,
700 1613 755 1659 um
778 1592 862 1659 mioh
884 1612 925 1658 nu
945 1589 1138 1676 verborgen,
1157 1585 1231 1653 eod:
1248 1585 1302 1651 ibo
1322 1584 1380 1665 ita,
1403 1587 1444 1648 nt

294 1715 390 1761 nomo
410 1715 463 1763 mo
484 1695 602 1763 videat.
647 1696 742 1773 Quod
763 1699 811 1764 ita
833 1703 883 1765 eet
904 1690 1171 1782 intellegendum,
1193 1695 1241 1773 ut,
1262 1688 1291 1754 ei
1313 1686 1444 1753 diutur-

293 1799 430 1867 nitatem
453 1800 636 1868 oooultandi
661 1802 845 1889 exprimere
865 1800 1031 1882 voluisset,
1060 1795 1232 1884 partieipio
1253 1790 1443 1879 praesentio

290 1904 340 1969 nti
376 1911 474 1991 puoto
506 1902 679 1990 debuerit3
715 1905 775 1972 eod
810 1903 1027 1971 diuturnitate
1060 1891 1185 1968 roieeta
1217 1898 1299 1965 eatie
1335 1896 1443 1963 hebet

293 2008 405 2074 aorieti
427 2009 598 2096 participio
619 2008 815 2076 incidentem
837 2011 999 2076 notionem
1021 2005 1225 2094 significasse
1243 2003 1442 2090 singulaque

292 2119 455 2177 momente
478 2112 511 2178 in
533 2132 632 2178 unum
654 2113 754 2200 idque
775 2113 922 2180 ultimum
945 2116 1101 2200 punotum
1122 2107 1308 2175 contulisse.
1331 2143 1372 2153 -

396 2216 462 2282 Sed
485 2237 526 2284 ox
549 2218 660 2284 multis
683 2219 771 2302 looia,
795 2219 850 2304 qui
872 2217 935 2285 huo
958 2215 1133 2304 pertinent,
1154 2213 1178 2280 ii
1200 2232 1283 2298 quoe
1305 2231 1441 2278 onume-

292 2320 361 2386 reri
379 2320 552 2389 euffioiant.
597 2322 673 2388 «lem
695 2324 739 2389 ob
761 2324 809 2390 oie
833 2322 1002 2409 exemplis,
1031 2319 1090 2387 nbi
1111 2315 1273 2406 quomodo
1296 2315 1347 2384 vel
1369 2335 1440 2402 qua

292 2424 420 2491 ratione
442 2426 528 2492 aetio
550 2427 641 2492 vorbi
663 2425 747 2492 finiti
769 2426 856 2493 faeta
879 2425 922 2492 eit
939 2423 1151 2514 significatur,
1168 2428 1300 2488 transeo
1317 2417 1361 2485 od
1379 2439 1439 2486 oue

291 2529 389 2612 loona,
411 2529 468 2595 ubi
495 2531 613 2616 quibus
637 2531 768 2596 auxiliis
785 2529 836 2596 vol
855 2550 918 2616 quo
937 2528 1152 2595 instrumente
1170 2524 1250 2614 quid
1268 2529 1439 2612 pometum

292 2632 335 2697 eit
357 2633 528 2721 participio
550 2633 664 2700 aerieti
687 2632 887 2722 adiungitur.

395 2897 420 2944 u.
443 2875 701 2965 Partioipia
727 2877 889 2944 oeristi
909 2878 953 2943 ri
979 2877 1328 2944 instrumentali
1365 2877 1437 2942 in·

294 2988 476 3048 strueta.
512 2981 572 3048 Oui
590 2982 833 3071 participiorum
849 2981 964 3069 generi
986 2980 1048 3048 hoe
1070 2979 1344 3070 praemittendum
1363 3001 1438 3046 ereo

292 3086 370 3152 mihi
400 3085 530 3152 videtur
560 3087 607 3152 ita
637 3106 739 3174 eeope
765 3086 827 3152 hoo
859 3107 964 3173 genua
987 3106 1060 3152 oum
1082 3087 1249 3173 superiore
1271 3083 1436 3169 confundi,

292 3197 331 3256 ut
351 3191 486 3257 dubium
516 3191 577 3275 ait,
607 3199 716 3258 utrum
747 3191 998 3258 instrumentum
1029 3211 1071 3257 an
1104 3190 1220 3258 medua
1251 3195 1438 3279 exponatur

294 3297 389 3383 eiquo
420 3297 482 3384 ipei
496 3295 537 3380 ¹),
568 3297 625 3384 qui
655 3298 866 3385 praeteritam
898 3297 918 3362 i.
940 3318 967 3363 o.
990 3297 1129 3385 priorem
1152 3297 1313 3363 uotiomm
1336 3297 1438 3384 porti·

292 3401 376 3488 uipio
399 3399 512 3466 eurieti
534 3398 710 3488 significari
741 3403 847 3467 eoloro
868 3400 987 3485 velint,
1018 3400 1069 3466 hio
1100 3400 1227 3467 dnobue
1259 3401 1437 3489 gonoribus

292 3505 357 3572 rim
393 3503 566 3572 inuidentio
601 3505 621 3571 i.
653 3525 680 3570 o.
712 3504 859 3572 eiusdem
889 3505 1045 3594 temporie
1076 3506 1215 3573 notionis
1246 3504 1435 3574 corrodant.

294 3610 398 3687 Quom
421 3608 581 3697 participii
601 3629 697 3675 nomn
718 3610 769 3676 hio
791 3609 869 3678 lenio
891 3609 1080 3677 illustrabo:

337 3714 455 3783 Aesch.
477 3712 530 3779 Pr.
554 3713 626 3782 496.
649 3719 738 3802 κνίσῃ
759 3741 794 3782 re
816 3717 901 3782 κῶλα
923 3715 1131 3800 σιιγκαλιιιιιᾶ
1152 3721 1204 3785 καὶ
1226 3715 1354 3804 μακρὰν

397 3815 501 3904 ὀσφῦν
521 3815 673 3902 πυρώσας
695 3823 933 3906 &aeternamm
954 3820 985 3898 ἐς
1006 3831 1119 3912 ιέχιην

397 3918 512 3988 ὥδωσα
535 3919 682 4010 &nepote
704 3975 711 3990 .
735 3976 742 3992 .
766 3977 772 3991 .

400 4111 421 4186 ¹)
439 4111 529 4186 Vorpl.
546 4113 683 4188 liutger,
700 4116 717 4191 ς
734 4117 776 4188 53,
793 4117 819 4190 θ,
837 4115 855 4174 8
872 4117 927 4176 und
943 4115 1088 4192 Madvig,
1106 4121 1122 4192 9
1141 4117 1199 4188 18³,
1216 4119 1250 4176 A.
1267 4126 1292 4188 2.
