3172 4902
606 281 813 400 Α..

138 504 278 574 sandrat
310 511 343 573 at
368 527 454 572 nunc
476 504 608 592 quidem
630 507 780 595 (Apollo)
803 514 896 574 vates
918 513 1026 574 vatem
1058 528 1110 572 me
1144 506 1283 573 deduxit

138 594 501 677 id'llancmortiteram
524 611 772 678 calamitatem.
796 662 834 677 ..
883 612 1015 678 Summa
1046 612 1146 698 igitur
1175 612 1283 697 posita

138 722 190 780 est
211 716 245 780 in
268 715 367 780 verbo
390 714 479 780 finito
496 711 649 807 ἀπήγαγ’,
671 716 844 805 participio
866 725 977 782 autem
999 716 1078 781 nihil
1100 717 1283 780 continetur

137 819 201 884 nisi
224 840 277 884 res
301 818 512 903 secundaria,
545 841 643 906 quam
675 821 857 887 arctissime
879 842 951 886 cum
974 820 1074 886 verbo
1095 817 1185 884 finito
1208 839 1284 884 con-

137 925 284 988 iunctam
306 944 379 989 essc
404 922 546 1010 indeque
576 945 710 991 manare
734 925 917 991 Cassandra
950 925 1103 990 vaticinio
1133 921 1284 1011 praedita

138 1029 209 1095 scit.
253 1026 364 1102 Quare
386 1047 450 1094 non
472 1029 583 1114 probo,
614 1029 674 1094 sed
696 1030 792 1096 miror
823 1028 963 1095 eundem
985 1027 1282 1115 Naegelsbachium

139 1131 184 1199 ad
204 1152 334 1199 versum
357 1131 442 1200 1275
465 1132 592 1199 dicare:
613 1134 725 1217 „solve
746 1134 952 1222 participium
979 1134 1011 1197 in
1034 1131 1210 1218 ἐξέπραξεν
1231 1136 1284 1198 καὶ

141 1262 260 1328 proras,
283 1236 370 1322 quod
386 1236 526 1304 alterum
544 1237 680 1304 verbnm
698 1237 863 1306 adiectum
882 1244 933 1304 eet
950 1237 991 1304 ad
1010 1235 1173 1324 ἐκπράξας
1190 1239 1283 1325 quasi

140 1362 198 1429 per
220 1342 461 1428 epexegesim.“
482 1379 525 1391 -

182 1499 259 1566 Eur.
280 1499 403 1568 Phoan.
428 1502 520 1568 1505.
543 1499 565 1567 ii
587 1500 687 1586 δόμον
713 1499 876 1569 Οἰδιπόδα
896 1498 1033 1587 πρόπαν
1054 1500 1160 1587 ὤλεσε,

294 1608 352 1683 τοῖς
372 1603 482 1690 drocas
504 1601 558 1671 ὅτε

232 1709 437 1790 ιόνσξόνοτον
460 1709 587 1790 ξυνετός
608 1713 702 1798 μέλος
724 1709 802 1797 ἔγνω

294 1814 429 1901 Σφιγγός
451 1814 564 1883 αόιδοό
585 1820 678 1903 σῶμα
700 1815 877 1902 φονεύσας,

140 1993 224 2058 quae
246 1973 503 2061 (Furialtotam
526 1974 656 2042 domum
679 1974 839 2063 perdidit,
871 1997 943 2042 cum
975 1976 1116 2043 solveret
1136 1973 1283 2062 Oedipus

139 2079 294 2166 aenigma
321 2129 328 2143 .
352 2129 390 2144 ..
442 2078 566 2146 Parum
601 2078 774 2168 diligenter
807 2081 862 2168 qui
897 2081 1029 2167 inspicit
1058 2079 1145 2146 hunc
1175 2081 1281 2145 locum

137 2188 296 2268 expectet
311 2179 364 2249 ότε
385 2179 476 2267 γνοός
493 2183 654 2270 ἐφόνευσε,
672 2193 707 2250 at
725 2186 880 2266 subtilius
894 2185 1034 2252 intuenti
1052 2184 1188 2252 dubium
1209 2205 1283 2252 csse

136 2309 204 2355 non
226 2293 349 2374 potest,
381 2288 458 2374 quin
480 2289 635 2377 primaria
657 2291 743 2356 aetio
764 2311 829 2357 non
850 2291 884 2356 in
906 2287 1009 2357 caede
1031 2289 1192 2378 sphingis,
1224 2289 1284 2356 scd

137 2394 172 2458 in
187 2393 382 2479 aenigmatis
400 2394 560 2461 solutione
577 2395 686 2481 posita
704 2394 754 2460 sit
795 2393 867 2469 Quo
884 2396 989 2462 soluto
1006 2395 1094 2462 illam
1113 2393 1284 2482 sphingem

138 2499 239 2564 emori
261 2517 398 2564 necesse
421 2504 500 2564 erat.
544 2497 720 2585 Partieipio
742 2499 843 2586 igitur
873 2497 1067 2566 secundaria
1099 2500 1183 2566 aetio
1215 2518 1283 2565 arc·

137 2601 265 2668 tissime
296 2623 369 2667 cum
400 2603 500 2670 verbo
531 2602 623 2669 finito
646 2624 772 2670 conexa
795 2623 837 2669 ex
860 2625 964 2691 eoque
986 2603 1194 2693 proficiscens
1219 2604 1284 2691 sig·

138 2703 297 2772 nificatur.
319 2745 361 2756 -
1238 2713 1241 2718 ¹

182 2864 523 2936 Eur.E1.983.0.R:
546 2864 616 2934 ἀλλ’
638 2855 658 2958 ἦ
680 2865 738 2934 τόν
758 2865 859 2935 αὐτόν
880 2865 950 2957 τῇδ’
973 2865 1147 2960 ὑποστήσω
1169 2865 1282 2950 cotom

294 2969 378 3036 HL:
399 2959 424 3056 ᾧ
446 2973 498 3037 καὶ
521 2970 619 3039 πόσιν
639 2973 786 3050 natalias
808 2974 967 3059 Αἴγισθον
987 2971 1119 3042 κτανών.

243 3127 309 3195 Hic
330 3149 460 3216 quoque
482 3131 586 3219 primo
608 3132 725 3198 obtutu
756 3133 864 3220 putari
895 3138 1006 3220 potest
1037 3132 1196 3201 actionem
1219 3134 1284 3219 pri·

140 3233 275 3299 mariam
299 3235 477 3322 participio,
500 3234 728 3302 secundariam
749 3237 850 3304 verbo
877 3236 968 3302 finito
1000 3238 1167 3306 contineri.
1221 3237 1284 3313 Qui

140 3343 252 3404 autem
276 3343 458 3407 accuratius
482 3349 607 3423 cernet,
630 3341 730 3408 aerbo
754 3341 844 3409 linito
865 3344 1051 3430 primariam
1078 3344 1216 3410 indicari
1238 3344 1285 3408 vi·

140 3441 241 3508 debit.
279 3443 395 3510 ¹Animi
418 3443 565 3531 pendens
589 3446 693 3530 euim,
723 3454 831 3512 utrum
862 3454 999 3514 matrem
1021 3447 1149 3516 occidat
1169 3468 1284 3532 necne,

141 3535 277 3614 tandem
295 3545 430 3614 Orestes
451 3549 559 3616 verbis
580 3548 731 3617 Electrae
753 3556 899 3616 movetur
922 3552 1153 3640 consiliumque
1173 3553 1284 3619 matri·

142 3649 219 3716 oidii
246 3651 335 3739 capit
366 3673 591 3741 sororemque,
623 3652 798 3722 eosdemne
833 3671 915 3742 quas
949 3654 1112 3742 Aegistho
1147 3656 1282 3723 insidias

140 3761 235 3842 paret
256 3758 361 3840 matri,
383 3759 579 3846 interrogat3
602 3758 720 3846 quibus
740 3757 846 3824 verbis
869 3749 1038 3825 confestim
1058 3751 1204 3847 exceptis
1226 3761 1284 3827 illa

138 3859 267 3948 pergitt
289 3862 423 3928 easdem
444 3870 479 3928 tu
497 3883 584 3943 nero,
606 3863 725 3949 quihus
741 3860 937 3950 Aegisthum
954 3862 1132 3951 decepisti3
1155 3871 1285 3931 senten·

138 3965 251 4052 tiaqne
265 3966 460 4033 secundaria
476 3972 527 4032 est
542 3967 624 4034 illud
638 3966 772 4050 accedo,
786 3973 876 4034 arcte
892 3989 966 4035 cum
980 3969 1133 4056 primaria
1147 3968 1284 4055 actione,

138 4091 225 4160 quea
248 4065 450 4158 significatur
472 4066 629 4140 vocabulo
651 4073 808 4159 καθεΐόας,
831 4067 1046 4144 coniunctum.
1142 4134 1144 4140 .

1162 4197 1180 4258 2
