3172 4902
628 270 834 406 -e-

159 516 210 582 est
233 517 266 580 et
286 511 379 580 verbi
400 509 483 576 finiti
507 514 540 576 et
561 511 724 600 partieipii
746 533 808 578 nee
829 511 919 599 prius
941 509 1065 596 ineidit,
1097 507 1183 599 quod
1205 505 1305 599 parti-

159 619 244 707 eipia
265 617 456 684 sentinetur.
481 653 521 664 -

201 741 279 808 Eur.
301 740 383 806 Heu.
407 739 479 807 716.
501 731 526 804 τό
548 737 701 826 κατάρατ’
723 739 859 826 ἀνδρῶν,
882 740 922 818 ὥς
944 737 1135 826 όιεμσιρόσω

261 843 349 933 χρόα,
371 847 509 932 σιδαρέῳ
528 843 633 929 τεμών
655 843 809 933 φασγάνῳ

261 952 361 1036 μέλεα
382 952 478 1016 τοῦδε
500 949 617 1028 παιδός
640 1001 647 1015 .
670 1001 678 1015 .
1025 1007 1028 1014 .

157 1076 255 1144 quam
286 1061 323 1121 tu
354 1054 557 1144 discerpsisti
587 1054 735 1121 uenando
757 1105 765 1121 .
788 1107 795 1120 .
818 1103 844 1140 .‚
876 1055 953 1142 dieit
976 1055 1116 1121 Heeuba
1139 1054 1181 1120 de
1204 1054 1306 1120 caede

40 1183 42 1186 ·
159 1159 323 1250 Polydori.

263 1283 341 1348 Hue
364 1289 532 1370 speetant:

200 1387 279 1454 ibid.
300 1388 394 1465 1066.
417 1388 489 1454 εἴθε
509 1414 564 1474 μοι
586 1387 741 1474 ὀμμάτων
762 1385 917 1473 αἱματόεν
939 1389 1099 1473 βλέφαρον

263 1491 385 1561 durrat
406 1491 536 1561 α’κέσαιν
558 1492 690 1581 τυφλόν,
702 1490 794 1579 τἈλκε,

266 1609 377 1688 φέγγος
399 1596 586 1677 ἐπαλλάξει
609 1649 616 1664 ·
639 1650 647 1682 ‚
675 1667 677 1672 .

158 1706 284 1772 utinam
305 1703 470 1771 medearis
493 1703 669 1772 luminibus
691 1704 796 1769 iueem
819 1707 1018 1788 permutans.
1072 1701 1167 1776 Quod
1189 1702 1306 1768 eonieit

160 1811 301 1877 Weilius
323 1807 519 1894 ἐπαλλάξας,
540 1809 645 1896 magis
669 1807 713 1873 ad
736 1827 868 1873 sensum
891 1806 1053 1893 quadrare
1076 1806 1154 1874 mihi
1176 1807 1306 1875 videtur

160 1936 258 2004 quam
280 1913 435 1983 traditum
457 1911 659 1991 ἀπαλλάξας.
683 1951 723 1960 -

200 2039 277 2106 Eur.
300 2039 398 2106 Hera.
420 2037 492 2104 151.
513 2041 549 2104 τί
568 2034 609 2128 δὴ
630 2033 667 2102 τό
690 2033 808 2120 σεμνόν
830 2037 877 2119 σῷ
898 2040 1123 2122 κατείργασται
1146 2033 1250 2120 πόσει,

262 2139 365 2229 depae
386 2143 487 2209 ἕλειον
509 2140 538 2207 ελ
558 2140 688 2208 διώλεσε
710 2137 842 2206 κτανών.

202 2265 279 2332 Eur.
302 2265 421 2332 Baaeh.
444 2266 473 2334 2.
495 2260 659 2349 Διόνυσος,
682 2258 719 2330 ὃν
739 2269 835 2330 τίκτει
857 2260 941 2328 ποθ’
963 2260 983 2354 ἦ
1005 2260 1141 2348 Κάδμον
1163 2260 1247 2350 κόρη,

262 2373 395 2460 Σεμέλη,
417 2367 596 2455 λαχενθεῖσ
618 2367 859 2458 ἀστραπηφόρῳ
883 2372 977 2454 πυρί·
1001 2420 1008 2453 ‚

158 2483 292 2566 propter
322 2478 506 2564 appositum
533 2473 616 2541 ποθ’
637 2476 772 2541 verbum
803 2480 899 2540 τίκτει
929 2494 1085 2561 praesens
1116 2473 1305 2538 historicum

158 2580 414 2670 intellegendum
446 2586 499 2647 est
528 2600 601 2646 eum
632 2581 817 2647 inchoativa
838 2581 890 2645 vi:
922 2599 1004 2659 non,
1037 2584 1074 2643 ut
1104 2579 1305 2666 pierumque,

158 2695 297 2754 matrem
320 2707 402 2770 esse,
424 2683 485 2752 sed
507 2692 642 2765 matrem
664 2685 743 2753 fieri.
765 2725 807 2732 -
843 2715 847 2729 .

202 2809 279 2874 Eur.
292 2809 362 2897 Iph.
375 2806 415 2875 A.
432 2808 526 2876 1177.
549 2805 719 2874 α’τιιόλεσεν
741 2806 780 2892 ν’,
802 2797 826 2872 ὦ
848 2817 967 2891 τέκνον,
989 2804 1007 2872 ὁ
1029 2803 1166 2891 φιτόσας
1188 2802 1305 2895 πατὴρ,

262 2912 360 2992 αὐτός
380 2912 512 2995 κτανών,
535 2911 591 2980 oria
613 2911 716 2998 ἄλλας,
739 2911 806 2979 οὐδ’
828 2912 909 3000 ἄλλῃ
930 2913 997 2998 χερὶ
1019 2962 1027 2995 ,

160 3025 236 3084 tuus
266 3027 301 3086 te
330 3020 460 3107 genitor
491 3017 635 3106 perdidit
665 3019 736 3105 ipse
768 3017 975 3083 interficiens.
1028 3015 1165 3081 Duobus
1196 3015 1305 3081 verbis

159 3144 226 3190 una
247 3145 301 3191 res
322 3123 484 3192 indieatur
506 3126 563 3208 ita,
586 3131 623 3190 ut
645 3125 745 3190 verbo
766 3122 858 3188 finite
880 3121 1115 3204 resumeretur,
1137 3119 1306 3206 partieipia

159 3229 388 3318 gravissimum
410 3235 609 3296 momentum
633 3229 842 3314 exprimatur.
1239 3211 1242 3216 ’

263 3348 450 3418 Dindoriius
472 3371 587 3417 versus
610 3349 826 3417 1178-1208
844 3347 978 3414 seelusit
1000 3346 1147 3435 spuri0s;
1170 3354 1207 3410 at
1228 3345 1305 3412 mihi

159 3454 291 3544 quidem
312 3475 427 3525 versus
449 3455 535 3524 1178
558 3455 742 3522 sententiae
764 3455 826 3520 lesi
854 3453 1026 3520 eonvenite
1052 3451 1200 3534 videtnr3
1230 3470 1305 3516 nam

159 3581 232 3626 eum
253 3568 356 3628 morte
377 3559 465 3627 filiae
487 3559 578 3627 dalet
601 3559 862 3648 Clytaemnestra
878 3565 949 3623 tum
971 3555 1058 3643 qued
1079 3555 1186 3643 patria
1208 3575 1306 3620 manu

161 3664 320 3732 eaaditur.
342 3703 385 3714 -

262 3770 424 3846 Quoniam
455 3791 498 3838 ex
528 3771 575 3838 ais
607 3791 688 3856 quos
723 3768 818 3835 attuli
848 3768 928 3834 loeis
961 3765 1041 3832 satis
1065 3765 1172 3832 eiuaet
1194 3763 1306 3829 aoristi

158 3877 331 3964 partieipia
351 3896 415 3942 non
436 3877 576 3964 priorem
599 3877 759 3942 aetianam
779 3873 947 3956 contineri,
966 3869 1025 3938 sed
1049 3869 1186 3938 eandem
1208 3889 1306 3955 quam

159 3981 260 4046 verbe
281 3979 373 4046 finito
395 3981 437 4047 ob
460 4000 599 4067 eamque
622 4000 756 4047 eausam
779 3979 811 4043 in
834 3976 920 4044 idem
943 3985 1072 4062 tempus
1098 3972 1306 4056 inuidentem‚

158 4083 295 4151 iamed
324 4083 414 4152 aliud
444 4084 608 4176 partieipii
638 4105 743 4173 genus
776 4080 974 4172 progrediar.
1028 4079 1188 4148 Omnibus
1220 4078 1306 4148 enim
