3172 4902
740 299 948 421 -υ-

272 522 392 593 aoriuto
423 521 546 593 ἔλαθον
578 532 610 592 et
641 530 749 616 ἔφθην
782 529 846 612 (vel
876 527 1033 596 λανθάνω
1056 534 1089 593 et
1110 524 1231 612 φθάνω
1262 528 1418 596 historioo

272 632 455 716 praesenti)
479 631 668 697 adiunctum
700 653 764 698 non
795 634 857 698 niai
891 634 1011 698 aoristo
1042 640 1236 721 usurpatum
1270 655 1343 699 ease
1374 633 1419 699 ad

273 734 521 822 significandam
543 757 642 801 unam
664 745 926 804 momentaneam
948 738 1116 803 actionem.
1168 737 1215 802 Ut
1242 743 1351 804 autem
1374 777 1417 787 —

272 840 328 905 ille
350 843 457 927 pergit
481 880 520 888 —
545 840 667 907 durans
689 841 835 908 eondioio
858 843 1074 930 exprimatur,
1107 843 1293 928 praesentia
1317 844 1418 929 parti·

271 945 391 1033 oipium
423 941 605 1012 adhiberi..
634 946 677 1010 Et
712 946 774 1013 hoo
806 948 941 1031 (aoriati)
973 946 1181 1034 participium
1213 948 1313 1011 etiam
1348 953 1418 1011 turn

272 1050 423 1133 retineri,
455 1071 527 1116 oum
557 1051 678 1116 aoristo
709 1052 801 1116 verbi
829 1051 912 1116 finiti
943 1073 1008 1118 non
1030 1053 1210 1137 praeterita
1232 1051 1318 1116 aetio
1339 1069 1417 1115 aon·

271 1154 415 1219 tineatur
438 1156 661 1239 (ooniunetivo
693 1157 903 1243 imperativo,
936 1159 1082 1244 optativo
1104 1157 1155 1221 vel
1186 1155 1360 1242 infinitivo)
1385 1161 1418 1220 et

271 1257 373 1322 futuri
394 1261 549 1346 temporie
571 1258 755 1326 indicativo.

374 1379 421 1446 At
443 1381 593 1447 omnibus
617 1381 705 1469 apud
727 1389 841 1469 poetas
864 1382 1005 1470 tragicos
1029 1382 1187 1470 exemplis
1218 1383 1417 1447 illustratum

272 1483 410 1570 primum
441 1485 530 1550 nulla
561 1487 653 1551 verbi
683 1485 766 1552 finiti
801 1488 957 1575 temporie
996 1488 1123 1554 ratione
1157 1486 1273 1553 habita
1302 1484 1417 1551 horum

271 1589 417 1674 ipsorum
438 1590 610 1656 verborum
633 1597 670 1656 ut
692 1592 843 1674 omnium,
866 1613 952 1679 quae
974 1612 1075 1678 supra
1098 1590 1295 1673 enumeravi,
1317 1590 1417 1679 parti·

272 1693 389 1778 oipium
413 1695 547 1760 alteriue
570 1696 660 1761 verbi
684 1697 805 1763 aorieto
827 1703 974 1784 tempore
995 1696 1148 1784 usurpari
1179 1695 1222 1760 ad
1252 1716 1320 1762 rem
1343 1696 1419 1760 sim·

271 1796 399 1884 plioiter
419 1796 616 1866 incidentem
639 1799 903 1889 signifioandam‚
935 1801 1101 1888 praesenti
1124 1806 1234 1866 autern
1256 1798 1419 1888 partieipii

271 1908 418 1990 tempore
449 1904 598 1969 adhibito
630 1904 753 1994 aliquid
784 1904 903 1971 durare
935 1911 994 1971 aut
1016 1926 1052 1971 ae
1076 1905 1241 1993 explioare
1264 1924 1337 1970 esee
1358 1923 1419 1992 pu·

273 2004 427 2092 tandum3

377 2129 495 2196 deinde
514 2115 554 2181 -ἓ
574 2132 660 2218 quod
679 2133 850 2220 perpauois
869 2131 1016 2220 exeeptis
1034 2132 1135 2198 veluti
1151 2131 1274 2198 Koobio
1293 2131 1327 2215 (ὅ
1344 2129 1417 2213 125,

273 2233 294 2300 2
312 2233 351 2300 A.
367 2235 399 2318 2)
418 2256 529 2301 omnes
547 2236 619 2301 fere
641 2256 724 2322 quaa
747 2235 899 2323 equidem
921 2237 1051 2324 inspexi
1072 2236 1307 2322 grammaticae
1325 2235 1417 2301 sobo·

270 2337 548 2406 lamminarum
571 2339 681 2406 editae
711 2341 808 2428 plane
839 2340 990 2406 omittunt
1016 2361 1082 2405 non
1113 2359 1242 2427 semper
1271 2337 1306 2404 id
1328 2335 1416 2425 quod

272 2444 376 2510 nostri
407 2443 562 2511 adverbio
594 2444 781 2532 significant
812 2466 831 2509 a
859 2443 994 2511 Graecia
1016 2444 1116 2511 verbo
1146 2444 1238 2510 finito
1270 2443 1417 2532 exprimi,

272 2547 516 2614 redimendum
537 2570 633 2617 versa
656 2551 734 2616 vioe.
787 2550 872 2614 Nam
896 2550 923 2614 ai
945 2549 973 2613 ie
995 2549 1051 2635 qui
1073 2549 1216 2635 loquitur
1236 2547 1287 2614 hia
1308 2547 1417 2615 verbis

271 2672 340 2718 rem
370 2654 502 2720 minoris
535 2656 690 2720 momenti
722 2655 832 2721 inesse
862 2653 1046 2740 exprimere
1078 2660 1112 2719 et
1141 2653 1308 2720 illustrare
1337 2653 1416 2734 vult,

271 2757 451 2844 partieipiis
481 2778 591 2824 eorum
618 2759 752 2844 (λαθών,
773 2759 923 2851 tritomo
945 2809 952 2824 .
975 2809 981 2824 .
1005 2761 1025 2842 .)
1047 2759 1158 2825 utitur.
1198 2756 1417 2833 Quamobrem

270 2861 350 2946 ipaia
372 2861 424 2926 bia
448 2862 556 2928 verbis
579 2863 694 2929 eadem
717 2869 769 2929 est
788 2866 873 2930 ratio
895 2883 980 2951 quae
1001 2864 1121 2930 eeteria
1144 2861 1234 2927 aliis:
1256 2861 1418 2927 Primaria

271 2984 324 3030 rea
348 2966 539 3052 exprimitur
560 2968 660 3034 verbo
682 2967 784 3052 finito,
806 2965 1002 3033 secundaria
1025 2967 1203 3056 partieipia.

375 3103 479 3180 Quem
500 3126 596 3171 naum
618 3106 670 3171 bis
693 3107 850 3194 exemplis
872 3105 1036 3194 probabo:

315 3225 392 3292 Eur.
414 3226 464 3293 El.
486 3227 537 3296 91.
561 3227 683 3314 δάκρυά
705 3227 734 3296 τ’
757 3226 859 3294 idaea
881 3231 935 3296 nai
955 3226 1051 3318 κόμης
1072 3225 1269 3317 ἀπηρξάμην

375 3336 466 3421 πυρᾷ
485 3330 515 3399 τ’
536 3330 695 3419 ἐπέσφαξ’
717 3326 798 3418 αἷμα
819 3336 952 3423 μηδειυυ
973 3332 1084 3420 φόνον,

374 3435 490 3504 λαθών
510 3437 684 3524 τυράννους
706 3437 737 3503 οἳ
756 3442 907 3522 κρατοῦσι
929 3441 1029 3530 τῆσδε
1049 3441 1112 3529 γῆς.
1135 3488 1143 3521 ,

270 3557 327 3624 ubi
350 3557 486 3626 Orestae
509 3559 605 3628 dieit:
626 3561 789 3627 immolavi
813 3561 1005 3648 sangninem
1027 3560 1135 3626 latens
1156 3565 1329 3648 tyrannos,
1360 3558 1417 3646 qui

271 3661 478 3731 dominantur
502 3719 509 3732 .
533 3717 570 3732 ..

374 3787 520 3853 Dubium
543 3808 617 3854 ease
638 3809 704 3855 non
720 3795 838 3878 potent,
859 3789 947 3875 quim
965 3807 1092 3854 summa
1109 3787 1291 3855 sententiae
1308 3784 1416 3872 posita

271 3891 369 3958 sitin
390 3892 491 3959 verbo
513 3891 605 3958 finito
636 3892 825 3980 ἐπέσφαξα,
855 3891 889 3958 id
920 3899 972 3958 eat
1002 3890 1189 3960 immolandi
1221 3891 1307 3956 aetio
1337 3887 1416 3954 mibi

269 3995 423 4083 eontigit3
454 3997 627 4086 partieipio
658 4019 711 4066 rea
743 3999 875 4064 minoris
905 3997 1060 4065 momenti
1091 3996 1285 4085 exprimitur
1307 3989 1416 4080 „quod

270 4097 389 4168 ederae
419 4122 473 4168 me
502 4109 657 4192 tyrannos
689 4103 812 4170 latuir‘.
870 4101 927 4170 Sin
958 4109 1068 4170 autam
1104 4101 1241 4166 Orontea
1274 4097 1415 4164 diximet
