3172 4902
713 369 754 440 21

161 605 236 672 pag.
260 581 302 650 52
324 579 484 669 adhibuit,
511 581 614 650 veluti
635 581 731 649 Hom.
753 583 792 650 Il.
814 582 843 648 B
868 582 947 651 269:
978 581 1104 668 ἀχρεῖον
1124 580 1202 650 ἰδών
1224 581 1305 652 άπο-

161 687 301 778 μόρξατο
323 689 440 778 δάκρυ,
470 687 633 772 „imbellia
663 687 804 754 hominia
836 689 978 776 speeiem
1009 688 1170 776 praebens
1191 689 1307 756 rultu“

162 793 394 881 (Doederlein,
427 793 517 861 Leot.
549 791 645 859 Hom.
675 792 807 880 up.1.);
841 792 920 858 item
951 791 1038 859 Plnt.
1069 793 1166 860 Thea.
1194 815 1221 863 c.
1245 796 1305 860 14:

161 899 349 978 ἐπεδείξατο
371 897 426 965 διά
447 902 505 964 τοῦ
527 896 641 975 ἀστεος
663 895 788 983 ἐλάσας,
811 891 880 965 εἶτα
902 901 1092 983 κατέθυσεν,
1114 919 1172 986 per
1189 900 1303 964 urbem

159 1026 264 1093 agene
287 1003 433 1071 ostendit
455 1003 627 1092 (taurum).
648 1040 688 1052 -

263 1143 359 1220 Quod
391 1149 503 1212 autem
534 1143 685 1210 Piuhiius
716 1144 915 1212 sententiam
948 1165 1040 1212 suam
1071 1143 1193 1214 firmari
1225 1145 1305 1213 dicit

162 1250 253 1339 (pag.
277 1250 334 1336 54)
356 1249 408 1316 hie
431 1247 558 1318 duobus
580 1249 676 1316 locis:

262 1389 351 1459 Xon.
372 1388 480 1458 Anab.
502 1387 555 1472 H,
587 1391 617 1472 1,
651 1390 709 1458 12:
743 1387 883 1466 ἀκοάσας
913 1392 950 1455 δὲ
980 1393 1084 1456 ταῦτα
1115 1389 1132 1456 ὁ
1168 1393 1305 1472 Φαλῖνος

160 1493 290 1580 ἐγέλασε
317 1496 369 1561 καὶ
391 1487 494 1561 εἶπεν·
527 1491 611 1560 ἀλλά
641 1493 805 1582 φιλοσόφῳ
833 1499 894 1579 μὲν
924 1490 1026 1572 ἔοικας
1047 1545 1054 1560 .
1078 1547 1085 1560 .
1108 1547 1125 1580 .,
1160 1503 1194 1562 et
1215 1495 1302 1566 Ptat.

159 1598 249 1666 Prot.
271 1620 301 1687 p.
324 1601 425 1668 310d:
447 1601 516 1683 μῶν
537 1603 572 1664 τί
590 1617 625 1664 σε
649 1597 754 1666 ἀδικεῖ
773 1596 994 1698 ῙΙροταγόραςέ
1023 1602 1076 1665 καὶ
1099 1597 1131 1677 ὃς
1152 1601 1303 1685 γελάσας·

160 1700 200 1796 νὴ
221 1701 295 1780 τούς
316 1701 421 1789 θεοὺς,
443 1693 560 1792 ἔφηῶ
577 1703 751 1787 Σώκρατες,
774 1699 822 1769 ὅτι
843 1729 877 1787 γε
900 1754 906 1768 .
930 1753 936 1768 .
960 1753 976 1788 .,
1000 1703 1149 1790 equidem
1171 1727 1236 1772 non
1256 1709 1305 1773 in·

160 1807 291 1896 tellego,
313 1807 404 1874 cuiue
421 1809 467 1874 rei
487 1815 716 1896 argumentum
730 1807 879 1873 Pfuhliue
897 1807 961 1872 illia
975 1807 1054 1873 locis
1074 1811 1224 1877 attulisse
1242 1812 1305 1879 eibi

160 1913 317 1980 videatur.
353 1915 466 1980 Potest
486 1913 571 1979 enim
592 1933 658 1980 una
681 1912 861 1999 eademque
885 1913 969 1979 actio
989 1915 1088 1978 ctiam
1107 1913 1163 1980 uni
1182 1916 1304 1981 eidem·

159 2037 224 2104 que
246 2017 396 2104 scriptori
416 2005 602 2084 modo'tam
625 2017 735 2104 gravis
757 2014 879 2100 videri,
911 2022 949 2082 ut
972 2038 1044 2083 eam
1066 2019 1228 2105 particula
1251 2025 1303 2088 καὶ

159 2127 192 2187 et
212 2121 313 2188 verbo
335 2119 426 2187 finito
447 2121 626 2209 coniungat
647 2141 719 2188 eum
747 2122 871 2204 altera,
904 2120 999 2187 modo
1033 2129 1101 2187 tam
1131 2124 1232 2209 levis,
1265 2134 1303 2192 ut

158 2224 333 2313 participio
354 2225 531 2314 subiungot
553 2227 656 2293 alteri.
700 2224 810 2300 Quare
832 2226 998 2293 verterim:
1021 2226 1105 2292 Xen.
1126 2227 1233 2297 Anah.
1256 2231 1303 2317 ΙΙ,

160 2331 255 2414 1,12:
271 2328 401 2414 ἐγέλασε
415 2332 467 2396 καὶ
481 2324 552 2397 εἷπε
568 2331 616 2397 ita
633 2329 716 2397 fere:
735 2331 768 2394 in
788 2329 960 2396 cachinnos
980 2330 1105 2396 effusus
1124 2337 1158 2398 et
1174 2334 1302 2402 loeutus

161 2441 221 2519 eet,
244 2457 280 2502 er
302 2435 402 2503 brach
424 2436 457 2500 in
480 2434 613 2502 Lachen
637 2454 697 2499 aus
718 2431 787 2498 und
808 2439 924 2520 aagt03

201 2575 285 2642 Plat.
308 2575 397 2642 Prot.
419 2596 449 2662 p.
472 2575 549 2642 340:
572 2573 683 2640 ridens
707 2625 713 2639 .
737 2625 743 2640 .
767 2625 773 2639 .
796 2573 918 2660 inquit,
945 2573 1094 2640 liiohelnd
1116 2534 1234 2664 epraoh
1258 2601 1301 2648 er.

261 2715 308 2781 Hi
331 2715 498 2802 (Psuhliue
522 2721 555 2781 et
576 2713 780 2799 Riekherue)
803 2715 962 2801 igiturne
985 2715 1166 2782 concedant
1188 2720 1302 2785 aorieti

158 2821 331 2908 participio
366 2819 541 2908 significari
574 2839 672 2906 posse
703 2839 772 2884 rem
798 2818 995 2885 incidentem
1019 2817 1133 2884 eodem
1156 2829 1302 2910 tempore

158 2945 222 3012 quo
243 2924 335 2991 verbi
358 2923 440 2990 finiti
463 2924 642 3007 actionem,
675 2921 717 2988 ad
740 2921 1017 2988 coordinationem
1039 2926 1203 2992 actionum
1227 2948 1302 2994 oon·

153 3017 321 3116 ¹sugerunt.
373 3027 517 3103 Quorum
549 3029 746 3094 sententiam
783 3028 863 3092 eatis
897 3027 1033 3094 diluisse
1068 3030 1145 3096 mihi
1180 3031 1301 3098 videor.

157 3133 275 3220 ltaque
297 3135 362 3200 iam
385 3154 521 3222 pergam
544 3133 666 3200 similes
688 3134 776 3199 ioooe
800 3130 889 3220 apud
913 3139 1027 3218 poetae
1050 3135 1192 3222 tragicos
1224 3158 1301 3204 enu-

157 3258 294 3305 merare.

200 3378 276 3446 Eur.
299 3377 422 3445 Phoen.
445 3379 539 3446 1405.
562 3431 569 3444 .
592 3431 599 3444 .
622 3431 629 3444 .
652 3374 850 3462 ξομβαλάντε
872 3375 901 3443 δ’
923 3375 1065 3454 ἀσπίδας

261 3479 366 3549 noddo
387 3478 550 3570 ταραγμὸν
570 3479 744 3568 ἀμφιβάντ’
766 3476 849 3566 εἶχον
869 3480 979 3570 μάχης.
1002 3533 1010 3568 ,

156 3622 210 3688 hio
230 3642 359 3710 quoque
383 3629 522 3711 apparet
544 3622 705 3710 participii
730 3618 942 3708 (ἀμφιβάντ’)
958 3623 1118 3688 actionem
1150 3644 1213 3690 non
1236 3627 1299 3712 pri-

158 3748 246 3794 orem
269 3749 344 3794 esse
366 3749 463 3814 quam
493 3725 661 3816 pugnandi
694 3727 884 3814 strepitum,
916 3735 954 3791 ut
985 3730 1169 3814 praecentis
1202 3731 1300 3816 parti-

157 3835 277 3922 cipium
300 3852 338 3899 eo
360 3834 466 3920 magia
487 3832 741 3920 exspectaveris,
764 3832 852 3918 quod
874 3832 995 3897 iterata
1017 3833 1101 3899 aetio
1128 3835 1299 3920 cogitatur.

156 3937 225 4006 Sed
255 3937 336 4003 catis
368 3938 471 4003 habet
502 3946 600 4024 poeta
633 3937 753 4002 aorieto
785 3937 945 4002 actionem
986 3937 1189 4024 significasse
1222 3939 1299 4004 inoi-

156 4042 303 4126 dentem,
333 4042 557 4125 iterationem,
588 4061 673 4129 quae
705 4038 800 4109 deest
826 4042 963 4129 aorieto,
997 4040 1171 4132 cogitando
1193 4041 1220 4110 ie
1243 4043 1299 4133 qui

155 4147 238 4241 legit
259 4146 392 4238 assequi
413 4151 530 4240 potest.
