3172 4902
829 325 849 388 8

270 531 455 597 effeotirum
478 529 727 618 (Kmegems1),
749 537 787 597 ut
804 532 906 619 ipsius
928 531 1037 598 verbis
1053 536 1138 614 utar,
1158 528 1413 614 „oonoentrierte

269 635 538 723 Ersoheinung“).
591 633 657 701 Sed
687 634 769 702 haee
801 657 886 723 quae
918 653 982 700 non
1012 633 1194 714 omittenda
1219 633 1298 700 mihi
1324 632 1414 698 ride·

269 741 390 807 bantur
419 738 597 806 haetenus!
651 739 727 807 Jam
758 740 802 806 sd
832 740 1052 807 Rieokherum
1082 739 1191 807 redeo.
1241 738 1332 804 Dioit
1361 737 1415 803 hio

272 845 356 912 onim
388 848 473 933 (pag.
506 845 549 912 24
584 845 659 911 libri
692 845 737 929 ΙΙ)
775 843 954 930 βασιλεύειν
989 867 1054 914 non
1090 846 1194 913 solum
1229 842 1415 932 signifioera

271 970 384 1038 regem
407 970 488 1033 esse,
511 948 571 1016 sed
594 950 690 1016 etiam
713 971 825 1040 regom
847 950 936 1035 fieri3
958 951 1051 1018 ouius
1068 949 1160 1017 verbi
1183 948 1344 1038 posterior
1364 947 1414 1012 ris

253 1075 343 1121 ·oum
375 1056 515 1121 maxime
546 1055 677 1142 propria
707 1057 751 1122 sit
781 1057 913 1140 aoristi‚
947 1077 1081 1123 oausam
1109 1076 1174 1123 non
1205 1074 1297 1138 esse,
1327 1048 1415 1139 quod

271 1159 432 1226 sotionem
454 1158 669 1243 incidentem,
702 1159 762 1225 sed
793 1160 880 1248 quod
901 1167 1164 1228 momentaneam
1194 1159 1337 1226 aoristus
1360 1177 1415 1223 ex·

271 1264 399 1352 primat.
435 1263 495 1330 Ille
517 1263 620 1352 igitur
636 1284 709 1331 oum
729 1267 866 1352 primum
894 1264 980 1331 dieat
1002 1264 1181 1351 βασιλεύειν
1199 1265 1297 1331 otiam
1316 1262 1415 1352 signi-

271 1368 372 1435 fioare
394 1388 506 1456 rogem
528 1367 619 1452 fieri,
654 1375 744 1454 osto;
775 1372 873 1437 immo
895 1391 972 1437 vero
1003 1369 1109 1439 adioio
1139 1371 1240 1437 etism
1270 1364 1417 1459 φονεύειν

272 1471 458 1561 signifioare
488 1473 663 1539 oooisorem
692 1472 762 1540 fiori
794 1481 829 1541 et
857 1480 973 1543 τίκτειν
999 1471 1415 1558 matremtieri(oir.1iur.

272 1578 390 1646 Baooh.
415 1579 447 1662 2)
471 1616 513 1627 -
536 1597 734 1666 quamquam
756 1580 828 1667 ipse
845 1579 1034 1648 Rielrhorns
1055 1600 1188 1670 perraro
1210 1579 1296 1645 hono
1318 1575 1410 1664 signi·

272 1682 458 1751 ficationem
489 1683 658 1770 praesenti
688 1686 824 1771 tempori
856 1685 966 1752 inesse
997 1684 1155 1754 oonoodit.
1208 1681 1415 1760 Quinetiam

273 1789 300 1855 si
324 1789 457 1877 saepius
475 1808 572 1875 quam
589 1808 705 1854 revera
722 1787 804 1854 hooo
821 1791 923 1857 verba
939 1792 987 1856 ite
1004 1796 1165 1878 usurpata
1182 1787 1415 1870 invenirentur,

273 1893 325 1960 oui
347 1894 394 1960 rei
416 1893 603 1959 testimonio
624 1890 686 1958 hoo
708 1891 822 1959 osset?
873 1893 1032 1983 Magnum
1064 1901 1116 1960 ost
1138 1893 1223 1960 onim
1244 1890 1417 1959 disorimen

272 1993 572 2082 internuntiorum,
605 1994 692 2084 quod
723 1997 887 2084 signifieat
916 2019 1028 2087 regem
1051 2001 1096 2084 (in
1118 1998 1256 2087 singulis
1279 1995 1417 2064 aetionis

275 2101 458 2185 momentis)
480 2100 552 2167 fiori
574 2101 670 2189 eique
701 2101 883 2169 admixtum
915 2103 1066 2170 inhaeret
1095 2123 1155 2192 per
1186 2100 1317 2190 aliquod
1338 2107 1418 2168 tem-

273 2209 361 2298 poris
384 2207 527 2295 epatium
548 2226 661 2294 rogam
683 2227 759 2272 esse
782 2246 823 2255 -
846 2213 880 2274 ot
902 2207 987 2274 inter
1008 2209 1205 2294 βασιλεῦσαι,
1226 2228 1292 2296 qua
1313 2205 1417 2273 t'orma

275 2313 354 2380 nihil
386 2309 477 2378 aliud
509 2310 700 2397 exprimitur
730 2313 793 2377 nisi
823 2332 889 2380 uno
921 2313 1030 2400 aliquo
1064 2313 1219 2400 temporie
1255 2316 1418 2379 momento

274 2417 400 2505 regiam
432 2414 625 2503 dignitatem
657 2415 804 2504 eooipere
828 2417 991 2506 (negleota
1022 2413 1234 2506 permanendi
1264 2415 1416 2500 notione).

275 2521 401 2590 Eadem
432 2525 542 2589 autem
572 2520 656 2586 ratio
689 2521 801 2587 existit
832 2521 917 2589 inter
947 2522 1151 2610 partieipium
1181 2519 1358 2607 βασιλεύων
1384 2523 1418 2586 et

275 2623 473 2714 βασιλεύσας.
518 2622 599 2690 Oum
622 2637 732 2692 autem
755 2625 959 2693 Rieokhorus
981 2637 1099 2715 perget
1120 2627 1279 2711 obtinere,
1308 2625 1335 2691 si
1357 2624 1419 2690 hoo

276 2733 479 2822 potissimum
503 2729 623 2796 aoristo
645 2729 856 2817 significetur,
877 2737 915 2797 nt
938 2729 1060 2819 aliquid
1084 2729 1223 2814 ineidat,
1254 2749 1320 2796 non
1342 2727 1419 2796 inde

276 2834 452 2926 petendam
475 2855 549 2901 esse
571 2854 714 2920 oausam,
737 2837 823 2922 quod
841 2837 963 2904 aoristo
980 2835 1066 2904 aetio
1082 2835 1239 2920 insidens,
1257 2833 1316 2901 sed
1332 2831 1419 2922 quod

276 2945 504 3010 momentanea
535 2937 754 3028 signifioetur‚
791 2939 913 3007 nullum
944 2941 999 3007 ille
1030 2939 1162 3028 quidem
1193 2947 1419 3028 argumentum

277 3045 434 3114 adhibuit.
478 3042 639 3130 Equidem
662 3049 771 3111 antem
795 3046 1001 3132 opposuerim
1034 3045 1132 3112 etiam
1164 3045 1329 3111 maximae
1350 3041 1421 3110 diu·

277 3149 443 3218 turnitetis
465 3149 625 3216 sotionem
657 3148 777 3215 aoristo
809 3155 953 3238 tempore
984 3149 1141 3237 exprimi,
1174 3147 1348 3217 dummodo
1378 3169 1421 3215 na

277 3256 399 3322 durans
422 3273 522 3341 seque
545 3253 713 3340 explioans
735 3251 946 3341 signitioetur,
969 3254 1028 3322 sed
1049 3261 1088 3321 ut
1108 3255 1238 3344 singulo
1256 3259 1420 3322 momento

277 3363 310 3428 in
333 3381 432 3426 unum
449 3364 605 3446 pnnotum
622 3355 858 3423 oontrehantnr
875 3367 909 3423 ot
925 3379 990 3425 uno
1008 3361 1101 3446 quasi
1119 3361 1285 3427 oculorum
1301 3359 1420 3426 intuitu

279 3465 486 3553 aepioiontur.
529 3461 573 3527 Et
594 3463 731 3528 inrioem
754 3461 873 3528 nullius
896 3463 963 3529 iero
987 3463 1227 3530 extenuationis
1252 3463 1282 3546 (i.
1305 3484 1332 3530 a.
1354 3481 1420 3529 mo·

278 3571 496 3652 montaneam)
519 3567 680 3634 sotionem
703 3565 894 3653 imperieoto
917 3586 1106 3655 expressam
1129 3567 1279 3655 legimus,
1310 3568 1338 3634 si
1360 3565 1420 3633 du·

278 3681 406 3741 rentem
439 3679 472 3738 ot
502 3692 538 3738 so
569 3671 785 3759 explioentenr
821 3671 958 3760 soripior
990 3692 1063 3738 eam
1094 3669 1279 3760 significare
1309 3672 1377 3742 vult
1386 3670 1421 3755 ¹).

280 3779 386 3856 Quem
408 3776 452 3844 ad
472 3796 569 3843 nsum
592 3785 626 3843 et
647 3777 828 3865 imperiooti
852 3783 886 3842 et
907 3777 1018 3844 aoristi
1041 3776 1195 3864 temporis
1217 3765 1420 3865 probandum

281 3893 591 3910 Μ

386 3935 407 4006 ¹)
425 3933 563 4006 Kriigsr‚
580 3935 596 4004 ᾖ
613 3935 656 4001 ou
673 3935 698 3990 6.

386 4024 408 4096 ²)
427 4023 475 4080 cir.
491 4021 592 4094 Delii,
610 4038 649 4096 gr.
667 4022 757 4080 Aorist
772 4023 799 4078 in
816 4039 838 4078 s.
849 4021 1001 4080 Vsrhtltnis
1013 4041 1048 4078 zu
1061 4023 1146 4094 tibris.
1157 4021 1297 4088 nouom,
1313 4015 1422 4076 leston

282 4111 349 4170 1851
371 4113 440 4186 pag.
459 4113 501 4182 11,
518 4110 561 4182 21,
579 4110 633 4180 ιν).
