3172 4902
713 281 755 366 ic

163 532 299 598 eamque
326 531 460 577 eausam
490 507 742 576 coordinandam
764 511 798 576 in
820 509 992 598 participio
1013 509 1104 595 poni3
1137 527 1222 595 quae
1254 529 1306 573 res

164 619 190 682 ei
212 619 244 682 in
266 617 372 704 prisco
394 636 544 681 sermone
565 616 708 681 maxime
731 617 883 698 cernitur,
916 620 1143 701 argumentum
1166 635 1239 679 osse
1263 614 1308 677 vi·

163 724 256 788 detur
276 742 341 786 non
363 721 448 786 hano
470 739 544 784 esse
562 726 621 785 aut
640 720 742 786 fuisse
758 721 823 786 vim
842 720 965 802 aoristi‚
984 740 1080 806 quam
1098 718 1306 783 Risckherns

161 831 269 912 putat,
288 831 332 894 ut.
348 824 527 912 praeterita
549 823 784 911 significantem
808 824 945 908 aceedit,
968 822 1055 909 quod
1077 825 1163 888 inter
1184 823 1308 889 indica·

160 931 262 1002 tivum
287 939 320 996 et
337 937 463 997 eeteros
483 929 595 997 modos
613 931 884 1018 participiumque
903 938 936 996 et
953 929 1145 994 infinitivum
1164 931 1307 995 interest.

160 1034 214 1100 Ne
232 1033 383 1100 Piuhlius
395 1033 422 1120 ¹)
446 1033 586 1120 quidem,
609 1036 663 1120 qui
683 1036 805 1099 aoristo
823 1031 967 1099 incidere
986 1030 1109 1118 aliquid
1128 1031 1307 1118 significari

161 1139 291 1207 omnino
322 1145 441 1227 negat,
475 1139 607 1204 minime
628 1139 779 1220 miratur,
814 1138 842 1202 si
874 1159 916 1204 cx
945 1137 1092 1224 pluribus
1127 1137 1305 1202 coniunctis

161 1245 269 1311 verbis
291 1244 325 1308 in
347 1245 534 1310 narratione
557 1243 709 1309 historice
732 1249 877 1330 tempore
901 1242 1003 1308 relata
1018 1262 1117 1306 unum
1138 1261 1180 1306 ex
1197 1241 1307 1327 aliqua

161 1370 261 1416 eausa
290 1349 342 1415 vel
376 1348 484 1435 aliquo
517 1368 596 1414 casu
626 1350 696 1415 loeo
727 1347 898 1413 indicativi
927 1344 1014 1412 modi
1045 1366 1118 1411 eum
1149 1353 1306 1432 sequente

161 1455 321 1541 particula
338 1456 391 1520 καὶ
408 1454 605 1541 participiali
627 1453 867 1520 constructione
889 1457 1041 1517 struatur.
1085 1451 1149 1515 Hic
1168 1450 1251 1516 enim
1274 1453 1306 1516 iu

161 1561 224 1626 hoc
253 1559 424 1648 participio
454 1557 699 1646 interpretando
730 1557 956 1645 gravissimum
989 1562 1153 1620 auctorem
1175 1565 1307 1621 secutus

163 1685 237 1730 esse
259 1665 322 1732 sibi
343 1662 480 1729 ridetur.
524 1662 745 1730 Gadeiredum
768 1660 1034 1746 Hermannunr2)
1058 1662 1143 1725 enim
1165 1659 1252 1726 idem
1273 1661 1307 1725 in

162 1768 226 1834 hae
251 1789 288 1834 re
311 1768 454 1836 sensisse
474 1768 592 1852 rideri;
622 1769 835 1856 probabiliter
868 1768 1049 1832 enimcum
1081 1765 1170 1830 iilum
1200 1765 1305 1831 locum

164 1872 394 1963 ‚propositiones
411 1885 605 1961 παρεγένετο
628 1873 739 1962 (Diod.
762 1874 825 1940 Sic.
847 1873 894 1957 II,
917 1873 975 1959 13)
999 1878 1032 1936 et
1053 1877 1200 1955 γενναίως
1227 1870 1306 1956 α’γω·

162 1977 330 2063 ωσάμωως
351 1978 492 2047 οὶνεῐλινιι
516 1977 628 2063 (Diod.
646 1979 707 2046 Sic.
725 1978 788 2061 Xi,
807 1978 864 2062 31)
884 1979 931 2043 sio
949 1978 1199 2062 interpretatum
1218 1996 1308 2042 esse:

162 2082 243 2168 (non
265 2084 382 2150 oceidit
405 2090 479 2173 post
500 2106 663 2172 pugnam,
696 2083 811 2150 sedin
833 2106 963 2174 pugna,
996 2084 1091 2172 ergo)
1114 2079 1307 2173 ,,ἠγωω’σανο

161 2189 213 2252 καὶ
236 2186 360 2257 ἀνεῖλεν
384 2197 417 2256 ot
438 2187 613 2280 ἐποιήσατο
636 2191 687 2254 καὶ
709 2192 928 2275 maesymas&

265 2345 312 2412 At
342 2347 454 2413 Herm.
483 2346 732 2433 Schmidaiusu,
766 2348 820 2434 qui
854 2347 931 2415 dicit
962 2347 1073 2414 coristi
1106 2346 1169 2411 rim
1207 2349 1306 2430 atque

160 2457 311 2518 naturam
335 2474 408 2518 osse
430 2453 524 2536 hane,
546 2459 584 2519 ut
604 2453 706 2540 ipsius
728 2454 836 2520 verbis
858 2459 942 2538 utar,
965 2453 1039 2536 „ein
1057 2449 1204 2516 Werden
1222 2447 1307 2514 ohne

161 2555 240 2626 nain
262 2556 341 2622 oder
364 2558 437 2624 eine
458 2557 640 2645 Handlung
662 2558 746 2624 ohne
780 2559 874 2626 einen
909 2559 958 2625 sie
989 2554 1219 2645 begleitenden
1245 2553 1307 2619 Zu-

161 2660 288 2742 stand“‚
309 2671 399 2729 recte
415 2663 461 2729 ilii
478 2684 664 2752 repugnare
682 2663 819 2729 videtur.
850 2665 1109 2751 Argumentatur
1131 2661 1216 2727 onim
1238 2660 1307 2726 fore

160 2768 223 2833 ita:
254 2765 350 2841 Quod
382 2767 514 2836 Godoir.
542 2769 752 2834 Hermannus
783 2770 1019 2857 interpretatur
1051 2765 1130 2833 iilud
1160 2770 1307 2850 γενναίως

160 2869 394 2959 α’γωνισάμενος
416 2872 554 2951 πολλοῦς
576 2872 681 2941 ducite
702 2877 767 2941 τῶν
788 2872 949 2967 Ἑλλήνων
981 2896 1065 2957 „non
1093 2871 1211 2939 ooeidit
1233 2875 1307 2957 poet

161 2997 317 3064 pugnam,
335 2977 444 3044 sedin
462 3001 582 3067 pugna,
602 3001 680 3068 ergo
698 2977 872 3072 ἠγωνίσατο
889 2982 942 3070 ναὶ
960 2975 1091 3063 decom,
1112 2999 1175 3042 non
1195 2975 1307 3042 existit

162 3097 274 3160 eausa,
313 3102 372 3149 eur
402 3089 555 3172 putemus
590 3105 726 3150 necesse
759 3106 822 3150 non
854 3106 948 3170 esse,
982 3091 1018 3150 ut
1048 3085 1094 3149 eis
1125 3080 1304 3170 participiis

162 3187 274 3251 aoristi
293 3189 496 3275 exprimatur
513 3188 636 3274 aliquid
655 3188 727 3255 fieri
746 3197 803 3254 aut
820 3197 949 3277 tempus
962 3190 1059 3255 huius
1079 3187 1214 3253 actionis
1233 3207 1307 3252 con·

161 3289 271 3358 cidere
289 3313 362 3358 cum
380 3299 526 3381 tempore
543 3294 634 3359 verbi
652 3293 742 3360 finiti.
774 3295 1024 3382 Coniunguntur
1043 3295 1128 3360 enirn
1146 3290 1306 3379 particula

161 3399 213 3463 nai
236 3404 270 3463 et
291 3399 511 3465 coexistentes
532 3407 565 3465 et
588 3399 800 3467 succedentes
823 3401 967 3467 actiones
990 3401 1088 3486 idque
1111 3399 1232 3464 sentire
1251 3418 1307 3484 ap·

161 3510 257 3591 paret
278 3501 514 3589 Hermannum,
537 3525 600 3591 quo
622 3507 792 3594 participio
815 3507 926 3573 coristi
951 3507 1035 3571 notio
1059 3502 1205 3568 ciusdem
1226 3509 1307 3567 tem·

267 3733 287 3803 ¹)
306 3731 417 3803 Pfuhl,
441 3729 601 3805 Badeutrmg
622 3735 669 3790 des
692 3735 826 3804 Acristrrs,
849 3734 941 3804 Progr.
964 3733 1010 3788 des
1028 3731 1175 3788 Vitzthum.
1200 3731 1305 3800 Gymn,

161 3817 281 3876 Drasden
300 3821 367 3877 1867
388 3823 458 3893 (pag.
476 3824 510 3879 53
529 3822 590 3893 sq.).

266 3909 287 3979 ²)
307 3909 412 3965 Godofr.
430 3911 602 3968 Hermann.
620 3913 654 3966 ad
671 3912 740 3983 Vig,
758 3911 870 3981 Lipsiae,
889 3911 951 3966 edit.
970 3910 1003 3979 3.,
1023 3924 1082 3980 pag.
1102 3909 1152 3962 775
1173 3907 1256 3977 (224).

266 3999 289 4067 8)
308 3997 400 4052 Herm.
419 3998 577 4069 Schmidt,
597 4001 644 4055 der
661 4017 699 4070 gr.
712 4002 773 4056 Aer.
791 3999 819 4052 in
832 4015 853 4054 s.
867 3998 1020 4054 Verhtltnis
1032 4015 1067 4053 au
1085 3996 1142 4052 iibr.
1161 3995 1304 4062 nciuorm.

160 4085 239 4142 Helle
260 4086 327 4141 184c
346 4086 417 4157 (pag.
434 4089 466 4140 21
486 4087 546 4158 sq.).

1165 4191 1203 4252 2*
