3172 4902
776 445 793 448 -
802 350 836 448 ,2
846 444 856 448 -
867 443 933 448 .-..--

513 576 569 643 De
592 577 732 645 eurieti
753 583 931 662 tempore
953 578 1151 646 universo.

362 731 476 798 Habet
498 731 585 797 euim
606 732 667 798 hoe
688 731 802 819 lingue
824 731 963 818 Greeee,
994 732 1082 822 quod
1110 733 1183 798 eliis
1209 731 1305 798 deest
1335 733 1403 820 ple·

257 837 369 923 risque
392 836 470 922 (nisi
493 835 581 920 quod
602 835 804 902 Romenieee
827 842 861 903 et
881 837 944 904 hee
966 836 1098 924 quidem
1131 838 1199 903 solo
1229 835 1403 904 indicativo

259 955 293 1007 et
310 941 458 1006 §levitae
471 940 497 1026 ¹)
517 938 631 1006 eedem
650 942 804 1028 temporis
822 941 925 1007 ferme
942 942 1106 1028 utuntur),
1127 947 1175 1026 ut,
1193 961 1266 1007 eum
1284 942 1403 1029 proprii

257 1044 413 1131 temporis
445 1044 556 1109 eurieti
589 1042 766 1110 indicativo
801 1047 986 1133 ueterisque
1021 1046 1133 1111 formis
1169 1046 1336 1112 eontrerie
1371 1052 1404 1112 et

257 1147 389 1213 diverse
411 1148 453 1213 ab
476 1149 685 1235 imperfecto,
717 1150 1040 1237 plusquamperfecto
1069 1149 1282 1237 perfeetoqne
1304 1151 1404 1238 signi·

256 1250 404 1336 fitentur,
436 1252 646 1318 subtilissime
668 1253 777 1320 omuie
807 1254 840 1319 in
871 1256 1005 1343 syntaxi
1036 1253 1238 1343 distinguere
1270 1261 1304 1321 et
1332 1255 1405 1320 illu·

259 1362 365 1422 strete
387 1356 539 1443 possit2).
1166 1347 1169 1355 ⁴

360 1460 405 1526 ut
435 1466 565 1528 veteres
596 1460 729 1547 quidem
760 1462 965 1549 grammatiei
976 1463 1002 1548 ³)
1035 1483 1147 1528 omnes
1178 1461 1248 1528 fere
1283 1462 1404 1528 euristo

259 1586 324 1631 non
345 1565 409 1630 nisi
431 1566 613 1652 praeterite
635 1566 810 1652 signifieeri
831 1567 953 1634 volunt.
1006 1565 1182 1650 Ourtius⁴)
1205 1571 1317 1632 eutem
1342 1565 1405 1632 hee

258 1674 371 1735 estete
394 1689 510 1736 norem
532 1669 770 1757 interpretandi
792 1678 938 1759 tempore
969 1672 1130 1737 retionem
1161 1671 1283 1759 primus
1313 1671 1405 1736 insti·

259 1774 363 1839 tuisse
384 1779 476 1840 reete
496 1774 577 1839 mihi
597 1773 746 1859 ridetur,
777 1796 880 1862 quere
903 1796 976 1842 eum
1000 1797 1128 1863 sequer.
1182 1777 1289 1842 Decet
1318 1775 1403 1841 enim

257 1877 341 1944 heeu
363 1879 443 1960 fere,
466 1879 493 1943 si
516 1880 719 1966 singularum
741 1880 917 1945 formarum
939 1881 1005 1946 vim
1027 1879 1227 1964 distinxeris,
1249 1898 1404 1967 megnum

258 1982 487 2050 documentum
517 1985 660 2050 existere
684 1985 896 2072 preeteritum
913 1991 1042 2072 tempus
1059 1984 1151 2050 nullu
1168 1983 1234 2049 elie
1251 2004 1289 2049 re
1306 1983 1405 2071 signi·

258 2086 349 2153 fleeri
372 2107 470 2175 posse
491 2089 555 2153 nisi
578 2095 755 2176 augmento
777 2089 884 2178 iisque
912 2089 1114 2176 temporibus
1137 2095 1171 2154 et
1193 2085 1316 2172 medis,
1347 2087 1405 2154 nbi

259 2198 471 2280 segmentum
493 2191 680 2278 adhibetur,
711 2193 745 2258 id
777 2203 829 2261 est
850 2195 1051 2284 impatienti,
1082 2192 1405 2282 plusquamperieeti,

259 2295 373 2363 emisti
394 2295 579 2364 indieetivo.
622 2297 707 2364 Esse
729 2299 830 2385 igitur
851 2297 1119 2386 distinguendum
1142 2300 1228 2363 inter
1249 2297 1405 2383 temporis

259 2399 398 2489 predum
422 2405 456 2464 et
476 2403 631 2488 temporis
654 2401 886 2482 eondioionem,
907 2405 961 2470 rel
982 2409 1020 2468 ut
1037 2402 1107 2468 ruit
1125 2401 1302 2468 Ktthnerus
1320 2402 1406 2466 inter

260 2505 414 2590 temporis
437 2505 612 2591 sphaerem
631 2514 664 2573 et
685 2508 823 2574 sotionis
847 2509 1046 2595 quelitetem
1089 2506 1201 2594 Atque
1230 2505 1405 2572 Kirhnerus

259 2607 393 2695 quidem
404 2607 432 2696 ὕ)
456 2609 568 2675 eoristi
590 2609 766 2677 indicative
788 2611 868 2678 nihil
890 2611 952 2677 nisi
975 2613 1079 2678 solem
1100 2612 1257 2699 temporis
1289 2609 1405 2698 ephee-

259 2733 339 2796 rem‚
361 2713 395 2778 id
418 2721 471 2781 est
492 2715 652 2781 ustionem
673 2721 820 2803 tempore
841 2716 1004 2804 loquentis
1026 2709 1237 2804 praeterisse,
1267 2711 1405 2802 exprimi

260 2820 333 2885 vult
354 2821 432 2906 (non
454 2826 563 2904 reete,
595 2825 634 2884 ut
655 2818 734 2886 mihi
757 2818 888 2907 quidem
910 2821 1058 2906 videtum
1080 2839 1155 2888 eum
1178 2821 1264 2886 enim
1287 2818 1405 2885 ueteris

261 2920 365 2989 modis
400 2931 434 2990 et
466 2923 627 2990 infinitivo
662 2924 902 3012 pertieipieque
936 2926 1045 3012 quetis
1080 2925 1125 2990 sit
1158 2923 1246 2990 eetie
1280 2921 1406 3011 siguifi-

262 3034 364 3110 eetur,
386 3027 467 3114 quid
487 3027 633 3115 impedit,
659 3027 831 3116 queminus
849 3026 965 3095 eedem
982 3029 1178 3116 quelititetie
1195 3029 1285 3095 notio
1304 3027 1404 3094 etiem

261 3132 441 3201 indieetive
471 3133 685 3219 tribueturi),
717 3133 850 3200 Ourtiue
881 3139 1011 3218 eutem,
1042 3153 1117 3200 eum
1150 3131 1305 3222 temporis
1331 3151 1408 3198 eon·

262 3237 423 3305 ditionem
445 3238 698 3326 interpretetur,
729 3244 767 3304 nt
798 3248 974 3328 praesente
996 3247 1143 3329 tempore
1165 3239 1327 3305 eetiouem
1349 3234 1406 3300 du·

262 3349 401 3429 rentem,
424 3343 571 3431 periente
592 3363 697 3431 usque
720 3343 764 3409 ed
780 3343 879 3410 finem
896 3351 1073 3434 perustum,
1092 3345 1139 3410 ite
1157 3343 1278 3410 euristo
1296 3339 1407 3431 puueti

263 3448 368 3515 inster
402 3446 602 3516 incidentem
637 3447 814 3535 signifieeri
849 3449 1046 3534 erbitretur3
1093 3449 1251 3536 temporie
1281 3445 1406 3536 gredns

371 3605 391 3678 ¹)
410 3605 526 3676 Ptuhl,
544 3605 702 3676 Bedeutmg
719 3605 766 3660 des
783 3603 913 3674 eaustus,
931 3603 1022 3676 progr.
1041 3605 1088 3660 des
1106 3604 1253 3660 Vitethuru.
1272 3604 1407 3676 dymnum,

265 3693 386 3749 Dresdeu
405 3693 473 3750 186?
493 3695 563 3766 (ρας.
583 3693 637 3764 14).

370 3781 391 3854 ²)
409 3781 556 3852 Kithner‚
575 3779 705 3838 aueum
724 3780 841 3838 Gremm
860 3784 887 3852 (ὅ
905 3781 965 3852 380,
983 3781 1000 3836 2
1017 3781 1078 3852 etp).
1500 3843 1505 3856 ,

369 3871 391 3938 ⁸)
410 3869 712 3942 Feoht‚degr.eeristi
723 3869 919 3941 signifleetions,
930 3865 1407 3940 denespnemtmoocmv.

370 3957 393 4026 ⁴)
411 3956 563 4028 Curtius,
589 3956 798 4028 Eirltntsumgen
824 3974 860 4012 eu
885 3973 921 4012 m.
946 3973 984 4030 gr.
1008 3955 1215 4027 Sohulgnmm„
1242 3955 1313 4026 Preg
1340 3951 1408 4008 sets

267 4043 337 4116 uu
358 4045 408 4100 179
425 4044 487 4115 ud)-

369 4131 391 4206 ὅ)
411 4131 560 4204 Ktthner‚
579 4131 709 4190 enutri
728 4131 855 4202 Oreum,
873 4133 888 4204 9
906 4131 966 4200 386,
987 4137 1011 4188 t.
