3172 4902
825 374 846 437 4

738 464 753 469 .-
762 463 930 470 ——-..--—.-

262 581 448 647 inniderunt
480 581 531 647 vel
561 583 805 667 praeterierunt
835 583 964 646 oetione
996 581 1086 646 verbi
1118 580 1202 646 finiti
1231 580 1407 649 insidente.

262 683 328 752 Sed
349 707 414 751 non
438 691 489 750 est
510 685 592 750 haee
613 685 663 751 vis
686 686 861 772 participii,
884 684 943 750 sed
967 687 1080 750 existit
1098 706 1139 750 ex
1155 686 1228 772 ipso
1250 685 1406 753 orationis

261 796 434 873 oontextu;
466 809 551 876 quse
579 790 665 854 enim
687 789 860 876 psrtioipio
884 788 1080 856 seeundaris
1102 791 1189 857 sotio
1211 790 1408 878 exprimitur

262 915 302 959 ee
325 914 398 958 esse
421 895 521 976 solet,
553 913 637 979 quse
669 899 746 958 onte
776 893 961 980 primariam
985 894 1146 960 sotionem
1168 895 1257 962 seete
1280 897 1331 978 sit,
1353 895 1404 960 vel

261 1005 298 1063 ut
320 999 368 1062 eit
390 997 523 1062 Curtius
535 997 562 1082 ¹)
588 1018 629 1062 ex
652 1002 773 1062 netum
795 998 909 1063 soristi
933 1005 967 1062 et
989 998 1151 1085 partieipii
1173 999 1323 1085 quaestio
1345 1001 1406 1065 sol-

262 1103 355 1167 vitur.
400 1102 519 1189 ltaque
541 1102 714 1190 participio
737 1101 848 1168 eoristi
870 1100 1047 1189 significari
1069 1109 1179 1189 potest
1209 1123 1262 1169 res
1294 1123 1408 1170 seeun-

262 1204 365 1290 doris‚
387 1226 474 1292 quoe

305 1335 379 1392 eut
411 1325 560 1393 eodem
591 1348 672 1414 quo
704 1328 788 1393 notio
820 1327 975 1415 primerio
997 1332 1144 1416 tempore
1167 1329 1270 1394 instar
1292 1329 1405 1416 pnnoti

364 1431 478 1498 ineidit
499 1431 590 1496 nulls
612 1432 678 1497 elia
700 1430 840 1498 admisto
863 1434 1028 1503 sententie

305 1561 380 1620 eut
410 1574 492 1619 uno
522 1555 653 1640 quasi
689 1560 851 1641 puneto
887 1555 1061 1641 proeteriit
1091 1555 1278 1643 oeterisqne
1309 1555 1409 1621 duret

366 1665 466 1746 etque
488 1669 658 1746 permonet

306 1787 381 1847 eut
412 1782 545 1868 plene
577 1781 837 1868 praeteriit.

367 1903 571 1990 Quemquam
605 1904 690 1969 hane
720 1902 923 1990 praeteriise
945 1908 979 1969 et
1001 1903 1151 1970 durantis
1172 1905 1221 1969 rei
1242 1905 1408 1971 notionem

262 2009 382 2073 nonin
404 2009 436 2072 vi
459 2007 622 2095 psrtioipii
648 2007 760 2072 soristi
782 2007 923 2095 positam
947 2028 1032 2094 esse,
1063 2006 1123 2074 sed
1146 2029 1187 2074 ex
1209 2009 1410 2096 cogitatione

263 2112 424 2200 loquentis
448 2111 498 2176 vei
530 2113 693 2177 narrentis
725 2100 860 2177 menore
890 2113 1009 2179 iterum
1041 2111 1209 2180 admoneo.
1262 2111 1314 2179 De
1347 2112 1409 2179 hoe

262 2217 358 2283 tertio
381 2236 443 2281 usu
466 2216 628 2304 partieipii
653 2217 767 2283 aoristi
788 2237 860 2283 enm
884 2237 995 2284 omnes
1017 2218 1086 2284 iere
1108 2218 1324 2306 grammatici,
1352 2216 1409 2304 qui

261 2323 295 2387 in
326 2321 512 2388 seholerum
541 2342 637 2386 usum
670 2320 889 2405 seripserunt,
921 2323 1068 2409 exeeptis
1100 2322 1274 2410 perpsuois
1306 2319 1409 2388 veluti

262 2425 427 2512 Koehi02)
459 2425 504 2490 ite
535 2425 620 2491 inter
652 2446 689 2491 se
723 2425 947 2510 consentiant,
979 2433 1017 2491 nt
1039 2425 1178 2513 primum
1200 2426 1290 2491 illum
1313 2444 1408 2492 nsum

264 2552 372 2598 verum
395 2530 490 2595 huius
513 2529 678 2616 partieipii
700 2529 857 2617 temporis
881 2530 945 2596 vim
962 2531 1183 2598 continentem
1202 2537 1260 2598 ent
1279 2529 1408 2597 silentio

263 2641 434 2701 trsnsesnt
451 2641 509 2700 eut
527 2634 657 2701 omnino
675 2641 807 2722 negent,
825 2656 878 2701 me
896 2633 938 2701 de
959 2637 1160 2723 proeteritse
1184 2635 1321 2704 aetionis
1343 2635 1409 2724 sig·

153 2831 156 2836 1
262 2737 449 2806 nifioetione
472 2760 572 2828 egere
595 2760 677 2827 opus
700 2761 765 2805 non
788 2739 857 2806 erit.
901 2739 954 2807 De
978 2761 1016 2808 eo
1040 2747 1150 2808 sutem
1174 2741 1286 2807 eoristi
1309 2740 1434 2828 perti,

263 2844 419 2933 oipiorum
450 2864 593 2932 genere,
624 2845 681 2910 nbi
713 2845 741 2909 si
772 2844 819 2910 ita
850 2842 960 2912 disere
990 2845 1068 2912 lieet
1099 2845 1238 2932 primum
1270 2845 1407 2912 sotionis

262 2955 419 3038 punetum
452 2948 640 3036 praeteriit,
673 2955 783 3016 eeters
812 2955 978 3016 momente
1000 2970 1074 3018 oum
1097 2948 1252 3038 primerio
1275 2949 1404 3016 notione

263 3053 362 3120 verbo
384 3053 476 3119 finito
500 3074 659 3141 expresso
679 3052 800 3120 durare
822 3053 1035 3143 ongitnndum
1059 3062 1123 3140 est,
1155 3074 1312 3143 perquem
1334 3055 1409 3121 bre·

264 3159 346 3224 viter
377 3177 475 3244 egum
507 3156 605 3246 idque
628 3158 741 3246 peuois
764 3158 843 3225 loeis
865 3159 1085 3249 perstringam
1107 3165 1207 3248 etque
1228 3159 1408 3228 illustrabo.

265 3262 336 3337 Quo
360 3263 446 3332 iaoto
469 3285 525 3330 eos
548 3265 654 3350 looos,
687 3265 743 3352 qui
775 3265 808 3330 in
839 3271 1011 3353 postorum
1034 3265 1232 3354 trsgioorum
1255 3265 1408 3354 operibus

264 3373 342 3440 mihi
374 3378 602 3456 oeonrrerunt,
639 3372 838 3438 enumersbo
871 3378 904 3438 et
934 3377 1094 3459 qnantum
1125 3392 1207 3459 opus
1239 3371 1302 3437 erit
1337 3390 1410 3458 per·

266 3480 427 3564 treotobo,
457 3479 514 3544 ubi
537 3478 624 3544 sotio
645 3477 800 3566 primorie
822 3478 922 3545 verbo
944 3478 1037 3543 finito
1059 3496 1217 3562 expresse
1239 3482 1273 3541 et
1294 3495 1410 3543 seonn·

265 3587 359 3656 darie
389 3585 559 3673 psrtioipio
591 3583 704 3650 soristi
735 3583 881 3651 indiosts
911 3583 943 3647 in
980 3578 1066 3646 idem
1100 3587 1232 3669 tempus
1254 3580 1408 3647 ineidnnt.

264 3692 312 3761 At
332 3712 419 3759 nuno
440 3689 573 3779 quidem
594 3691 726 3782 singnis
749 3689 971 3777 exemplorum
993 3706 1117 3776 genere
1134 3684 1287 3752 definiam
1310 3691 1410 3772 etque

266 3797 459 3868 desoribsm.

374 3991 393 4062 ¹)
412 3991 560 4060 Curtius,
577 3989 677 4047 Μυῒ,
695 4007 730 4045 zu
747 4007 782 4045 m.
803 4003 841 4061 gn.
859 3985 1055 4060 SohnIgrsmm.
1073 3999 1132 4056 pag.
1152 3983 1210 4040 189.

372 4079 505 4239 opponi
521 4079 608 4150 muse
626 4079 725 4152 gruson
742 4077 945 4150 eorrugrnnn.¹
963 4075 989 4132 9.
999 4073 1078 4146 Aust,
1095 4072 1203 4144 Ionos
1221 4067 1289 4124 1⁸⁸²
1307 4067 1408 4142 (5101,

268 4171 301 4228 Α
320 4169 334 4224 1
353 4185 380 4226 u
430 4209 437 4224 .
