3172 4902
192 555 318 645 (Progr.
342 557 428 624 teet
450 577 481 642 p.
505 556 575 642 43)
590 553 686 639 μόνος
707 552 815 640 μόνοις
838 553 871 617 iu
893 552 1021 626 πολλοῖς
1041 547 1137 634 μόνος
1159 545 1337 625 mutavisse

189 662 342 747 videtur-3
373 681 449 726 nam
474 660 582 742 „solus
605 679 677 726 eum
700 659 1016 744 solis“-eongressus
1047 653 1153 740 magis
1184 652 1231 718 rei
1262 671 1337 716 eon·

190 773 384 834 sentsneum
414 766 492 831 mihi
522 764 653 831 videtur
682 785 780 852 quam
814 763 921 846 „solus
951 782 1025 827 eum
1056 759 1197 824 muitis“.
1249 755 1335 822 Nam

188 872 286 940 faeile
303 871 385 938 Aias
408 892 428 936 a
450 855 658 936 multitudine
682 869 917 958 opprimeretur
939 866 1028 931 nulla
1050 886 1085 930 re
1108 869 1221 951 gesta3
1242 883 1336 928 aeeo-

189 977 248 1061 dit,
264 975 350 1062 quod
366 981 487 1063 poetae
503 976 620 1062 tragini
639 973 797 1040 eiusmodi
816 971 1096 1039 annominationes
1109 967 1211 1066 valde¹
1224 972 1336 1036 emant

188 1083 295 1168 iisque
317 1080 471 1164 student3
494 1081 575 1145 satia
599 1080 662 1145 erit
682 1098 901 1144 memorasse:
1232 1091 1234 1096 ·

292 1183 393 1262 κοινός
415 1184 450 1252 ἐν
472 1189 601 1251 κοννοῖσι
623 1183 700 1249 ibid.
723 1183 797 1266 267,
915 1197 916 1200 ’

291 1290 388 1377 μόνος
409 1289 509 1376 μόνον
530 1288 607 1356 ibid.
631 1290 727 1371 1283,

289 1395 388 1483 μόνος
410 1395 446 1463 ἒν
466 1395 591 1481 μούνοισι
612 1396 689 1461 Eur.
712 1393 815 1460 Andr.
840 1393 934 1474 1221,

291 1501 373 1590 μόνη
394 1500 502 1587 μόνοις
521 1501 598 1566 Eur.
619 1499 707 1566 Med.
730 1499 794 1566 513

188 1613 221 1676 et
244 1607 318 1675 alia.
331 1645 372 1655 -
392 1603 457 1677 Sed
474 1605 558 1675 haee
575 1607 657 1673 satis
681 1623 754 1673 esse
777 1600 928 1672 videntur
950 1607 1082 1695 propter
1105 1601 1253 1671 notitiam
1274 1600 1330 1672 rei.

289 2203 365 2270 Jam
388 2204 416 2270 si
439 2225 494 2271 eos
518 2205 605 2270 leeos
637 2204 827 2290 respicimus
860 2224 940 2290 ques
973 2202 1177 2287 enumeravi,
1208 2195 1347 2291 quibus

183 2310 333 2376 omnibus
356 2310 528 2397 participio
551 2309 662 2374 aoristi
685 2310 840 2394 temperis
872 2307 914 2375 ad
947 2309 1108 2374 actionem
1142 2309 1327 2396 primariam

78 2426 80 2430 '
182 2415 282 2479 uerbo
305 2413 394 2478 finito
418 2434 608 2501 expressam
632 2413 826 2479 secundaria
850 2414 935 2479 aetio
958 2411 1114 2496 adieitur‚
1146 2433 1232 2499 quae
1263 2435 1327 2480 uon

108 2553 109 2556 κ
183 2519 268 2605 prior
302 2519 344 2582 sit
376 2539 472 2604 quam
504 2517 577 2600 illa,
612 2518 710 2582 huius
742 2539 821 2582 usus
853 2524 890 2582 ut
920 2517 1141 2582 Rieckherum
1153 2519 1175 2600 1)
1207 2539 1327 2604 sequar

155 2684 157 2690 ,
182 2621 305 2710 duplex
327 2624 411 2689 ratio
433 2623 572 2710 eogitari
594 2627 722 2709 potest,
752 2630 789 2687 ut
813 2630 869 2687 aut
893 2644 934 2688 ex
958 2623 988 2686 vi
1011 2642 1049 2688 ae
1072 2631 1190 2688 natura
1214 2625 1324 2688 aoristi

182 2731 239 2791 aut
262 2728 357 2792 exui
380 2733 479 2813 atque
502 2733 621 2793 natura
645 2746 755 2792 eorum
778 2726 967 2809 verborum,
1002 2748 1086 2812 quae
1109 2747 1180 2792 eum
1204 2728 1325 2793 aoristo

179 2832 228 2895 ita
260 2837 445 2913 struantur,
474 2831 589 2918 regula
621 2830 760 2896 derivari
792 2832 902 2917 possit.
958 2832 990 2895 is
1023 2832 1124 2916 igitur
1155 2832 1239 2896 hane
1261 2833 1324 2896 vim

180 2935 293 3001 aeristi
323 2942 425 3022 negat
455 2943 667 3020 veterumque
699 2937 1011 3021 (grammaticorum)
1039 2936 1242 3022 disciplinam
1274 2957 1325 3000 se·

180 3040 298 3125 quitur,
322 3039 378 3125 qui
400 3060 511 3104 omnes
535 3040 623 3126 prius
648 3046 776 3125 tempus
804 3041 973 3127 participio
1005 3042 1116 3105 aoristi
1148 3039 1323 3126 signifieori

179 3151 305 3230 putant.
349 3145 389 3208 Ei
413 3153 541 3225 autem,
573 3145 627 3229 qui
650 3145 711 3210 hae
734 3155 843 3210 aetate
868 3163 939 3211 arto
962 3148 1175 3233 grammatica
1197 3147 1323 3231 florent,

180 3248 351 3334 partieipio
376 3237 496 3312 ¹aoristi
530 3250 690 3314 notionem
722 3250 919 3316 incidentem
942 3252 1077 3337 exprimi
1101 3255 1212 3316 volunt
1234 3253 1323 3319 nulia

178 3351 243 3416 alia
265 3350 410 3415 admixta
433 3352 603 3417 sententia.
649 3351 791 3426 Quorum
814 3355 976 3442 mihiipsi
1001 3357 1163 3421 sententia
1181 3360 1323 3424 maxime

178 3457 342 3542 probatur.
393 3455 473 3522 Eius
506 3457 590 3520 enim
623 3459 758 3544 regulae
786 3461 906 3524 auxilio
929 3462 1036 3526 omnia
1060 3466 1210 3550 exempta
1232 3464 1323 3528 isaii-

177 3561 253 3625 lime
275 3561 432 3647 explicari
454 3569 592 3647 possunt
614 3583 719 3648 neque
743 3565 798 3627 illa
820 3567 1012 3651 complicata
1045 3581 1144 3652 atque
1176 3576 1322 3635 contorta

177 3664 303 3730 ratione
326 3663 562 3752 interpretandi
585 3687 667 3752 opus
690 3675 748 3732 est.
802 3669 876 3734 Solo
907 3671 1006 3756 igitur
1029 3671 1203 3738 indicativo
1225 3676 1321 3740 modo

19 3807 21 3818 ·
111 3759 113 3763 ⁸
178 3769 289 3834 aoristi
312 3775 554 3854 augmentoque
576 3769 677 3835 affixo
699 3774 877 3858 praeterita
895 3776 980 3841 aetio
999 3777 1208 3864 significatur.
1245 3782 1322 3846 Par·

176 3873 285 3960 tieipio
309 3879 419 3937 autem
443 3875 490 3954 (et
511 3873 668 3940 infinitivo
691 3878 874 3963 ceterisque
891 3881 1018 3963 modis),
1041 3881 1127 3967 quod
1145 3891 1319 3970 augmento

177 3985 285 4060 earet,
316 3997 378 4040 non
402 3975 524 4062 gradus
548 3978 602 4062 qui
635 3977 751 4044 dieitur
783 3985 937 4070 temporis
962 3993 1149 4075 (praesens,
1181 3990 1319 4072 iuturus,

281 4132 302 4216 ¹)
320 4132 496 4205 Rieekher·,
513 4133 604 4208 Progr.
623 4135 644 4208 I,
662 4155 720 4211 pag.
741 4138 781 4198 18.
