3172 4902
684 323 765 429 ου

214 533 291 602 Eur.
313 531 428 622 suppl.
450 531 523 601 918.
544 531 582 600 o}
603 543 722 620 τέκνον,
744 537 885 626 δυστυχῆ
906 533 936 602 σ’

275 636 416 725 ἔτρεφον,
438 641 551 726 ἔφερον
571 637 627 725 ὑφ’
649 635 775 732 ἥπατος

274 743 394 822 πόνους
415 740 571 828 ἑνεγκοῦό
592 742 628 811 ἐν
650 742 758 812 eaer-
781 795 788 811 .
811 795 820 812 .

169 867 335 956 partieipii
364 886 418 934 ree
451 885 494 933 ex
522 868 678 956 primaria
711 867 842 934 notione
869 861 999 954 (ἔφερον
1026 864 1081 952 ὑφ’
1108 861 1242 960 ἥπατος)
1266 889 1317 934 ee·

169 971 282 1060 quitur
302 991 376 1040 oum
399 991 506 1060 eaque
528 971 702 1040 oeniunote
724 977 784 1040 eet.
806 1009 848 1022 -

212 1111 291 1180 Eur.
312 1111 412 1180 Hero.
436 1112 508 1180 506.
531 1109 571 1190 oie
593 1111 727 1190 ἐλπίδας
748 1118 809 1198 μὲν
831 1110 848 1180 ό
869 1110 979 1200 χρόνος
1000 1109 1055 1178 οὐκ
1078 1110 1250 1180 ἐπίσταται

273 1215 393 1302 σώζειν,
414 1215 452 1284 τό
474 1215 504 1284 δ’
526 1215 626 1284 aizoo
649 1216 841 1296 σπουδάσας
863 1220 1036 1284 διέπτατο.
1060 1269 1067 1302 ‚

164 1340 309 1407 ¹aorietue
331 1339 423 1408 verbi
454 1339 538 1406 finiti
569 1347 620 1407 ost
642 1341 698 1430 qui
719 1345 855 1407 voratur
877 1339 1066 1428 gnomious;
1097 1339 1177 1406 item
1208 1340 1241 1406 in
1264 1362 1316 1408 ee·

168 1443 346 1533 quontibue
369 1445 551 1533 exemplis:

210 1584 287 1651 Eur.
310 1583 366 1651 Or.
387 1584 460 1652 341.
504 1581 569 1651 οἷνό
595 1587 631 1650 δὲ
657 1586 770 1670 λαῖφος
796 1581 837 1662 ὥς
858 1609 906 1660 τις
932 1581 1055 1650 dadone
1078 1587 1161 1660 θοᾶς
1182 1584 1313 1664 τινάξας

1073 1686 1208 1776 [δαίμων

272 1794 460 1861 κατέκλυσεν
481 1796 594 1860 δεινῶν
615 1791 734 1878 πόνων,
757 1845 764 1859 .
788 1845 794 1858 .
819 1845 826 1860 .

167 1915 365 2004 praepositio
383 1914 472 2002 (α’νοὶ)
490 1915 523 1981 in
544 1915 641 1981 tmesi
664 1914 752 2002 apud
770 1915 962 2004 Euripidem
981 1915 1114 2002 saepius
1132 1914 1312 1999 invenitur3

167 2020 327 2104 (renierus
349 2020 519 2103 Kuehner‚
542 2020 697 2087 euefiihrl.
720 2020 862 2086 Gramm.
886 2022 904 2105 ξ
927 2023 1003 2103 445,
1026 2020 1045 2086 ό
1067 2039 1098 2085 ιι.
1122 2019 1176 2105 7.).
1200 2057 1240 2067 -

209 2159 285 2226 Eur.
307 2159 431 2228 Phoon.
454 2161 526 2228 651.
548 2157 655 2237 κισσός
677 2156 713 2226 ὃν
734 2157 925 2252 περισσεφιξς

269 2266 367 2343 ἕλικος
389 2263 488 2339 εὐθυς
508 2262 555 2333 ἔτι
576 2268 690 2352 βρέφος

269 2367 490 2460 χλοηφόροισιν
512 2373 635 2458 ἔρνεσιν

269 2477 485 2542 κατασκίοισιν
507 2473 635 2560 ὀλβίσας
657 2472 813 2560 ἐνώτισεν,

164 2617 262 2683 quem
275 2597 465 2682 (Baeohum)
484 2598 549 2664 iam
567 2618 705 2686 puerum
722 2595 848 2663 hedera
867 2598 1019 2685 amplexu
1038 2605 1088 2664 eet
1106 2594 1309 2684 praedicens.

165 2702 421 2790 ...Pertioipio
442 2703 603 2770 eontineri
625 2701 855 2768 secundariam
877 2722 946 2768 rem
970 2711 1061 2768 arete
1079 2703 1311 2768 cohaerentem

162 2826 236 2873 eum
258 2808 389 2874 aetiono
410 2807 503 2874 verbi
525 2806 609 2872 finiti
630 2806 728 2873 feoile
750 2807 962 2894 intellegitur.
985 2845 1027 2854 -

267 2928 428 3004 Quoniam
451 2950 493 2996 ex
514 2930 566 2996 hie
596 2929 676 2996 loeie
708 2930 789 2996 retia
817 2935 957 3017 apparet
989 2929 1161 3017 partieipie
1193 2930 1307 2996 aoriati

162 3054 225 3099 non
248 3035 389 3121 priorem
412 3034 572 3100 notionem
596 3033 776 3120 aignifioari
797 3055 906 3120 nequa
929 3055 1018 3117 enm,
1050 3055 1136 3120 quae
1159 3034 1307 3100 aiuedem

162 3139 316 3205 momenti
340 3139 567 3226 etgravitatis
600 3138 644 3204 eit
670 3159 768 3226 quam
795 3139 880 3204 eotio
902 3139 1002 3204 verbo
1025 3139 1117 3205 finito
1140 3160 1307 3226 expressa,

161 3250 294 3309 transeo
316 3240 359 3307 ed
381 3241 471 3308 eliud
493 3263 599 3330 genua
621 3243 875 3330 partieipiorum.
899 3281 938 3291 —

161 3458 169 3469 ”
265 3470 295 3535 b.
319 3469 575 3557 Partieipia
602 3469 767 3535 norieti
790 3467 960 3535 modali
990 3471 1032 3537 ri
1067 3470 1305 3536 instruere.

162 3571 376 3661 Partieipium
412 3573 526 3640 aorieti
561 3573 662 3641 verbo
699 3573 791 3640 finito
827 3572 975 3640 additum
1012 3578 1062 3638 eet
1098 3573 1306 3660 signifieandi

161 3695 275 3760 oenoe,
307 3677 470 3766 quomode
497 3675 578 3765 quid
600 3677 722 3744 fautum
745 3679 788 3743 eit
811 3699 914 3766 eoque
936 3699 990 3742 ree
1014 3676 1209 3742 eeenndaria
1232 3700 1305 3744 oum

162 3779 290 3846 eotione
318 3782 472 3868 primaria
503 3783 704 3869 exprimitur.
758 3783 821 3849 llla
857 3789 895 3848 ut
931 3781 1120 3868 simplieiter
1156 3782 1304 3848 ineidene

159 3887 322 3974 fingatur,
349 3885 492 3951 aorietue
522 3886 718 3971 adhibetur,
754 3893 792 3952 ut
823 3886 945 3954 durane
977 3907 1048 3952 eum
1081 3887 1181 3952 verbo
1212 3887 1304 3953 finite

159 4009 328 4079 proeeeno.
372 3987 446 4065 Quo
463 4009 586 4077 genero
604 3990 635 4057 ei
656 3991 730 4078 ipei,
751 3992 806 4079 qui
823 3991 995 4080 participio
1013 3991 1124 4056 aorirti
1144 3989 1304 4057 aetianam

158 4095 274 4190 prioria
297 4095 453 4191 temporie
475 4094 613 4190 exprimi
635 4097 743 4169 solere
763 4098 895 4187 volunt,
926 4096 1014 4164 idom
1043 4101 1172 4185 tempus
1204 4097 1305 4188 rigni·
