<?xml version="1.0" encoding="UTF-8"?>
<!DOCTYPE html PUBLIC "-//W3C//DTD XHTML 1.0 Transitional//EN"
    "http://www.w3.org/TR/xhtml1/DTD/xhtml1-transitional.dtd">
<html xmlns="http://www.w3.org/1999/xhtml" xml:lang="en" lang="en">
 <head>
  <title>
</title>
<meta http-equiv="Content-Type" content="text/html;charset=utf-8" />
  <meta name='ocr-system' content='tesseract 3.04.00' />
  <meta name='ocr-capabilities' content='ocr_page ocr_carea ocr_par ocr_line ocrx_word'/>
</head>
<body>
  <div class='ocr_page' id='page_1' title='image "./detemporisinter00schugoog_0029.png"; bbox 0 0 3172 4902; ppageno 0'>
   <div class='ocr_carea' id='block_1_1' title="bbox 848 285 891 382">
    <p class='ocr_par' dir='ltr' id='par_1_1' title="bbox 848 285 891 382">
     <span class='ocr_line' id='line_1_1' title="bbox 848 285 891 382; baseline -0.023 0"><span class='ocrx_word' id='word_1_1' title='bbox 848 285 891 382; x_wconf 75' lang='lat' dir='ltr'>ad</span> 
     </span>
    </p>
   </div>
   <div class='ocr_carea' id='block_1_2' title="bbox 296 519 1448 3870">
    <p class='ocr_par' dir='ltr' id='par_1_2' title="bbox 296 519 1446 718">
     <span class='ocr_line' id='line_1_2' title="bbox 296 519 1446 612; baseline -0.003 -22"><span class='ocrx_word' id='word_1_2' title='bbox 296 523 382 612; x_wconf 86' lang='lat' dir='ltr'>poris</span> <span class='ocrx_word' id='word_1_3' title='bbox 406 521 597 607; x_wconf 70' lang='lat' dir='ltr'>continetur,</span> <span class='ocrx_word' id='word_1_4' title='bbox 620 522 652 587; x_wconf 92' lang='lat' dir='ltr'>iu</span> <span class='ocrx_word' id='word_1_5' title='bbox 671 523 808 590; x_wconf 84' lang='lat' dir='ltr'>verbum</span> <span class='ocrx_word' id='word_1_6' title='bbox 825 523 952 590; x_wconf 85' lang='lat' dir='ltr'>finitum</span> <span class='ocrx_word' id='word_1_7' title='bbox 970 541 1043 589; x_wconf 89' lang='lat' dir='ltr'>oum</span> <span class='ocrx_word' id='word_1_8' title='bbox 1066 521 1226 609; x_wconf 88' lang='lat' dir='ltr'>partioula</span> <span class='ocrx_word' id='word_1_9' title='bbox 1248 522 1300 589; x_wconf 75' lang='grc' dir='ltr'>καὶ</span> <span class='ocrx_word' id='word_1_10' title='bbox 1321 519 1446 589; x_wconf 84' lang='lat' dir='ltr'>mutari</span> 
     </span>
     <span class='ocr_line' id='line_1_3' title="bbox 296 626 1293 718; baseline -0.002 -22"><span class='ocrx_word' id='word_1_11' title='bbox 296 651 393 718; x_wconf 90' lang='lat' dir='ltr'>pesse</span> <span class='ocrx_word' id='word_1_12' title='bbox 415 629 537 716; x_wconf 87' lang='lat' dir='ltr'>pariter</span> <span class='ocrx_word' id='word_1_13' title='bbox 559 635 658 714; x_wconf 90' lang='lat' dir='ltr'>atque</span> <span class='ocrx_word' id='word_1_14' title='bbox 681 628 770 712; x_wconf 91' lang='lat' dir='ltr'>iilud,</span> <span class='ocrx_word' id='word_1_15' title='bbox 793 651 856 716; x_wconf 92' lang='lat' dir='ltr'>quo</span> <span class='ocrx_word' id='word_1_16' title='bbox 878 630 967 717; x_wconf 88' lang='lat' dir='ltr'>prius</span> <span class='ocrx_word' id='word_1_17' title='bbox 990 628 1078 694; x_wconf 86' lang='lat' dir='ltr'>faeta</span> <span class='ocrx_word' id='word_1_18' title='bbox 1099 626 1293 694; x_wconf 90' lang='lat' dir='ltr'>indioantur.</span> 
     </span>
    </p>

    <p class='ocr_par' dir='ltr' id='par_1_3' title="bbox 296 731 1448 2290">
     <span class='ocr_line' id='line_1_4' title="bbox 400 731 1446 820; baseline 0 -22"><span class='ocrx_word' id='word_1_19' title='bbox 400 732 481 798; x_wconf 87' lang='lat' dir='ltr'>Mihi</span> <span class='ocrx_word' id='word_1_20' title='bbox 504 731 634 818; x_wconf 89' lang='lat' dir='ltr'>quidem</span> <span class='ocrx_word' id='word_1_21' title='bbox 657 733 877 819; x_wconf 85' lang='lat' dir='ltr'>Hermannus,</span> <span class='ocrx_word' id='word_1_22' title='bbox 910 734 965 820; x_wconf 88' lang='lat' dir='ltr'>qui</span> <span class='ocrx_word' id='word_1_23' title='bbox 987 732 1072 798; x_wconf 87' lang='lat' dir='ltr'>hane</span> <span class='ocrx_word' id='word_1_24' title='bbox 1094 733 1255 819; x_wconf 83' lang='lat' dir='ltr'>propriam</span> <span class='ocrx_word' id='word_1_25' title='bbox 1279 754 1354 799; x_wconf 87' lang='lat' dir='ltr'>essa</span> <span class='ocrx_word' id='word_1_26' title='bbox 1376 733 1446 798; x_wconf 86' lang='lat' dir='ltr'>vim</span> 
     </span>
     <span class='ocr_line' id='line_1_5' title="bbox 296 835 1447 927; baseline -0.003 -21"><span class='ocrx_word' id='word_1_27' title='bbox 296 840 409 906; x_wconf 84' lang='lat' dir='ltr'>aoriati</span> <span class='ocrx_word' id='word_1_28' title='bbox 427 835 601 922; x_wconf 78' lang='lat' dir='ltr'>contendit,</span> <span class='ocrx_word' id='word_1_29' title='bbox 623 845 744 905; x_wconf 87' lang='lat' dir='ltr'>utrem</span> <span class='ocrx_word' id='word_1_30' title='bbox 763 841 826 905; x_wconf 87' lang='lat' dir='ltr'>oito</span> <span class='ocrx_word' id='word_1_31' title='bbox 845 844 1069 906; x_wconf 79' lang='lat' dir='ltr'>transeuntem</span> <span class='ocrx_word' id='word_1_32' title='bbox 1081 838 1198 904; x_wconf 83' lang='lat' dir='ltr'>Graeoi</span> <span class='ocrx_word' id='word_1_33' title='bbox 1214 859 1273 927; x_wconf 89' lang='lat' dir='ltr'>per</span> <span class='ocrx_word' id='word_1_34' title='bbox 1286 838 1447 905; x_wconf 86' lang='lat' dir='ltr'>aoristum</span> 
     </span>
     <span class='ocr_line' id='line_1_6' title="bbox 297 943 1447 1033; baseline -0.001 -23"><span class='ocrx_word' id='word_1_35' title='bbox 297 943 480 1031; x_wconf 76' lang='lat' dir='ltr'>significent</span> <span class='ocrx_word' id='word_1_36' title='bbox 488 943 526 1030; x_wconf 89' lang='lat'>¹),</span> <span class='ocrx_word' id='word_1_37' title='bbox 550 943 592 1010; x_wconf 91' lang='lat' dir='ltr'>de</span> <span class='ocrx_word' id='word_1_38' title='bbox 614 946 725 1010; x_wconf 88' lang='lat' dir='ltr'>aoristi</span> <span class='ocrx_word' id='word_1_39' title='bbox 748 946 903 1033; x_wconf 87' lang='lat' dir='ltr'>temporis</span> <span class='ocrx_word' id='word_1_40' title='bbox 925 945 1096 1032; x_wconf 83' lang='lat' dir='ltr'>partieipia</span> <span class='ocrx_word' id='word_1_41' title='bbox 1114 943 1285 1011; x_wconf 87' lang='lat' dir='ltr'>dubitasse</span> <span class='ocrx_word' id='word_1_42' title='bbox 1302 943 1447 1011; x_wconf 83' lang='lat' dir='ltr'>ridetur.</span> 
     </span>
     <span class='ocr_line' id='line_1_7' title="bbox 297 1047 1447 1135; baseline -0.001 -20"><span class='ocrx_word' id='word_1_43' title='bbox 297 1050 402 1116; x_wconf 86' lang='lat' dir='ltr'>Paulo</span> <span class='ocrx_word' id='word_1_44' title='bbox 433 1049 519 1116; x_wconf 85' lang='lat' dir='ltr'>enim</span> <span class='ocrx_word' id='word_1_45' title='bbox 548 1048 632 1116; x_wconf 83' lang='lat' dir='ltr'>inira</span> <span class='ocrx_word' id='word_1_46' title='bbox 659 1048 738 1116; x_wconf 88' lang='lat' dir='ltr'>dieit</span> <span class='ocrx_word' id='word_1_47' title='bbox 760 1050 874 1116; x_wconf 86' lang='lat' dir='ltr'>doetus</span> <span class='ocrx_word' id='word_1_48' title='bbox 897 1051 951 1115; x_wconf 91' lang='lat' dir='ltr'>ille</span> <span class='ocrx_word' id='word_1_49' title='bbox 972 1051 1039 1115; x_wconf 87' lang='lat' dir='ltr'>vir:</span> <span class='ocrx_word' id='word_1_50' title='bbox 1070 1047 1261 1134; x_wconf 81' lang='lat' dir='ltr'>„Difficilior</span> <span class='ocrx_word' id='word_1_51' title='bbox 1291 1047 1447 1135; x_wconf 80' lang='lat' dir='ltr'>quaestio</span> 
     </span>
     <span class='ocr_line' id='line_1_8' title="bbox 298 1153 1447 1242; baseline -0.003 -21"><span class='ocrx_word' id='word_1_52' title='bbox 298 1163 348 1222; x_wconf 87' lang='lat' dir='ltr'>eat</span> <span class='ocrx_word' id='word_1_53' title='bbox 378 1154 420 1220; x_wconf 91' lang='lat' dir='ltr'>de</span> <span class='ocrx_word' id='word_1_54' title='bbox 450 1154 620 1241; x_wconf 84' lang='lat' dir='ltr'>partieipia</span> <span class='ocrx_word' id='word_1_55' title='bbox 653 1156 818 1241; x_wconf 85' lang='lat' dir='ltr'>(aoristi),</span> <span class='ocrx_word' id='word_1_56' title='bbox 850 1157 884 1240; x_wconf 86' lang='lat' dir='ltr'>in</span> <span class='ocrx_word' id='word_1_57' title='bbox 917 1175 980 1242; x_wconf 90' lang='lat' dir='ltr'>qno</span> <span class='ocrx_word' id='word_1_58' title='bbox 1011 1174 1144 1242; x_wconf 91' lang='lat' dir='ltr'>perraro</span> <span class='ocrx_word' id='word_1_59' title='bbox 1174 1155 1239 1220; x_wconf 86' lang='lat' dir='ltr'>iata</span> <span class='ocrx_word' id='word_1_60' title='bbox 1261 1154 1309 1220; x_wconf 91' lang='lat' dir='ltr'>rei</span> <span class='ocrx_word' id='word_1_61' title='bbox 1332 1153 1447 1220; x_wconf 82' lang='lat' dir='ltr'>subito</span> 
     </span>
     <span class='ocr_line' id='line_1_9' title="bbox 298 1255 1447 1346; baseline -0.003 -21"><span class='ocrx_word' id='word_1_62' title='bbox 298 1260 497 1326; x_wconf 86' lang='lat' dir='ltr'>transeuntis</span> <span class='ocrx_word' id='word_1_63' title='bbox 520 1257 715 1346; x_wconf 79' lang='lat' dir='ltr'>signifieatio</span> <span class='ocrx_word' id='word_1_64' title='bbox 738 1258 960 1346; x_wconf 85' lang='lat' dir='ltr'>invonitur“.¹)</span> <span class='ocrx_word' id='word_1_65' title='bbox 1004 1258 1049 1323; x_wconf 85' lang='lat' dir='ltr'>Et</span> <span class='ocrx_word' id='word_1_66' title='bbox 1070 1258 1133 1324; x_wconf 88' lang='lat' dir='ltr'>aiio</span> <span class='ocrx_word' id='word_1_67' title='bbox 1155 1256 1260 1346; x_wconf 83' lang='lat' dir='ltr'>looo²)</span> <span class='ocrx_word' id='word_1_68' title='bbox 1279 1255 1365 1324; x_wconf 91' lang='lat' dir='ltr'>idem</span> <span class='ocrx_word' id='word_1_69' title='bbox 1383 1255 1447 1323; x_wconf 88' lang='lat' dir='ltr'>ad·</span> 
     </span>
     <span class='ocr_line' id='line_1_10' title="bbox 297 1360 1448 1453; baseline -0.006 -21"><span class='ocrx_word' id='word_1_70' title='bbox 297 1367 436 1432; x_wconf 80' lang='lat' dir='ltr'>notavit:</span> <span class='ocrx_word' id='word_1_71' title='bbox 456 1363 639 1449; x_wconf 89' lang='lat' dir='ltr'>„interdum</span> <span class='ocrx_word' id='word_1_72' title='bbox 662 1373 840 1453; x_wconf 90' lang='lat' dir='ltr'>usurpatur</span> <span class='ocrx_word' id='word_1_73' title='bbox 862 1364 1068 1453; x_wconf 83' lang='lat' dir='ltr'>participium</span> <span class='ocrx_word' id='word_1_74' title='bbox 1091 1365 1138 1428; x_wconf 89' lang='lat' dir='ltr'>sio</span> <span class='ocrx_word' id='word_1_75' title='bbox 1160 1369 1197 1430; x_wconf 88' lang='lat' dir='ltr'>ut</span> <span class='ocrx_word' id='word_1_76' title='bbox 1218 1384 1283 1430; x_wconf 89' lang='lat' dir='ltr'>nou</span> <span class='ocrx_word' id='word_1_77' title='bbox 1298 1360 1448 1450; x_wconf 83' lang='lat' dir='ltr'>pendeat</span> 
     </span>
     <span class='ocr_line' id='line_1_11' title="bbox 298 1467 1446 1557; baseline -0.002 -21"><span class='ocrx_word' id='word_1_78' title='bbox 298 1469 452 1557; x_wconf 85' lang='lat' dir='ltr'>temporis</span> <span class='ocrx_word' id='word_1_79' title='bbox 473 1467 627 1534; x_wconf 89' lang='lat' dir='ltr'>indioatio</span> <span class='ocrx_word' id='word_1_80' title='bbox 645 1489 687 1534; x_wconf 87' lang='lat' dir='ltr'>ex</span> <span class='ocrx_word' id='word_1_81' title='bbox 708 1469 819 1552; x_wconf 86' lang='lat' dir='ltr'>verbo,</span> <span class='ocrx_word' id='word_1_82' title='bbox 842 1467 928 1555; x_wconf 92' lang='lat' dir='ltr'>quod</span> <span class='ocrx_word' id='word_1_83' title='bbox 951 1467 1139 1535; x_wconf 76' lang='lat' dir='ltr'>adiunctum</span> <span class='ocrx_word' id='word_1_84' title='bbox 1163 1475 1223 1551; x_wconf 85' lang='lat' dir='ltr'>eat,</span> <span class='ocrx_word' id='word_1_85' title='bbox 1255 1467 1315 1535; x_wconf 92' lang='lat' dir='ltr'>sed</span> <span class='ocrx_word' id='word_1_86' title='bbox 1337 1469 1446 1534; x_wconf 84' lang='lat' dir='ltr'>solum</span> 
     </span>
     <span class='ocr_line' id='line_1_12' title="bbox 298 1571 1443 1664; baseline -0.005 -22"><span class='ocrx_word' id='word_1_87' title='bbox 298 1598 357 1664; x_wconf 88' lang='lat' dir='ltr'>par</span> <span class='ocrx_word' id='word_1_88' title='bbox 379 1596 415 1640; x_wconf 90' lang='lat' dir='ltr'>se</span> <span class='ocrx_word' id='word_1_89' title='bbox 437 1576 594 1640; x_wconf 81' lang='lat' dir='ltr'>constet.“</span> <span class='ocrx_word' id='word_1_90' title='bbox 639 1573 726 1647; x_wconf 81' lang='lat' dir='ltr'>Quid</span> <span class='ocrx_word' id='word_1_91' title='bbox 748 1580 859 1640; x_wconf 84' lang='lat' dir='ltr'>autem</span> <span class='ocrx_word' id='word_1_92' title='bbox 875 1574 938 1640; x_wconf 88' lang='lat' dir='ltr'>hoo</span> <span class='ocrx_word' id='word_1_93' title='bbox 956 1573 1020 1640; x_wconf 91' lang='lat' dir='ltr'>aibi</span> <span class='ocrx_word' id='word_1_94' title='bbox 1037 1573 1132 1639; x_wconf 80' lang='lat' dir='ltr'>vuit?</span> <span class='ocrx_word' id='word_1_95' title='bbox 1174 1572 1337 1661; x_wconf 82' lang='lat' dir='ltr'>Equidem</span> <span class='ocrx_word' id='word_1_96' title='bbox 1356 1571 1443 1638; x_wconf 87' lang='lat' dir='ltr'>Her·</span> 
     </span>
     <span class='ocr_line' id='line_1_13' title="bbox 298 1676 1445 1767; baseline -0.003 -19"><span class='ocrx_word' id='word_1_97' title='bbox 298 1681 408 1748; x_wconf 91' lang='lat' dir='ltr'>manni</span> <span class='ocrx_word' id='word_1_98' title='bbox 431 1680 530 1744; x_wconf 83' lang='lat' dir='ltr'>rerba</span> <span class='ocrx_word' id='word_1_99' title='bbox 548 1680 595 1745; x_wconf 91' lang='lat' dir='ltr'>ita</span> <span class='ocrx_word' id='word_1_100' title='bbox 612 1676 857 1766; x_wconf 88' lang='lat' dir='ltr'>interpretanda</span> <span class='ocrx_word' id='word_1_101' title='bbox 882 1699 955 1745; x_wconf 88' lang='lat' dir='ltr'>esse</span> <span class='ocrx_word' id='word_1_102' title='bbox 982 1685 1062 1766; x_wconf 90' lang='lat' dir='ltr'>puto</span> <span class='ocrx_word' id='word_1_103' title='bbox 1084 1679 1275 1766; x_wconf 87' lang='lat' dir='ltr'>piorumque</span> <span class='ocrx_word' id='word_1_104' title='bbox 1297 1676 1445 1767; x_wconf 85' lang='lat' dir='ltr'>pendere</span> 
     </span>
     <span class='ocr_line' id='line_1_14' title="bbox 298 1782 1444 1874; baseline -0.002 -24"><span class='ocrx_word' id='word_1_105' title='bbox 298 1785 442 1874; x_wconf 77' lang='lat' dir='ltr'>(uenisti)</span> <span class='ocrx_word' id='word_1_106' title='bbox 466 1784 672 1871; x_wconf 78' lang='lat' dir='ltr'>participium</span> <span class='ocrx_word' id='word_1_107' title='bbox 696 1802 738 1848; x_wconf 86' lang='lat' dir='ltr'>ex</span> <span class='ocrx_word' id='word_1_108' title='bbox 759 1783 860 1850; x_wconf 87' lang='lat' dir='ltr'>verbo</span> <span class='ocrx_word' id='word_1_109' title='bbox 883 1782 1017 1870; x_wconf 87' lang='lat' dir='ltr'>(finito),</span> <span class='ocrx_word' id='word_1_110' title='bbox 1039 1783 1061 1848; x_wconf 93' lang='lat' dir='ltr'>i.</span> <span class='ocrx_word' id='word_1_111' title='bbox 1082 1804 1110 1848; x_wconf 92' lang='lat' dir='ltr'>e.</span> <span class='ocrx_word' id='word_1_112' title='bbox 1133 1782 1319 1869; x_wconf 78' lang='lat' dir='ltr'>signifieare</span> <span class='ocrx_word' id='word_1_113' title='bbox 1342 1784 1444 1849; x_wconf 85' lang='lat' dir='ltr'>aetio·</span> 
     </span>
     <span class='ocr_line' id='line_1_15' title="bbox 297 1886 1443 1977; baseline -0.003 -20"><span class='ocrx_word' id='word_1_114' title='bbox 297 1911 381 1973; x_wconf 92' lang='lat' dir='ltr'>nem,</span> <span class='ocrx_word' id='word_1_115' title='bbox 403 1909 487 1976; x_wconf 89' lang='lat' dir='ltr'>quae</span> <span class='ocrx_word' id='word_1_116' title='bbox 509 1889 625 1976; x_wconf 87' lang='lat' dir='ltr'>prioris</span> <span class='ocrx_word' id='word_1_117' title='bbox 652 1889 806 1974; x_wconf 87' lang='lat' dir='ltr'>temporis</span> <span class='ocrx_word' id='word_1_118' title='bbox 832 1889 890 1972; x_wconf 80' lang='lat' dir='ltr'>sit3</span> <span class='ocrx_word' id='word_1_119' title='bbox 921 1886 1085 1954; x_wconf 89' lang='lat' dir='ltr'>interdum</span> <span class='ocrx_word' id='word_1_120' title='bbox 1104 1895 1215 1955; x_wconf 89' lang='lat' dir='ltr'>autem</span> <span class='ocrx_word' id='word_1_121' title='bbox 1233 1889 1443 1977; x_wconf 86' lang='lat' dir='ltr'>partieipium</span> 
     </span>
     <span class='ocr_line' id='line_1_16' title="bbox 298 1993 1442 2081; baseline -0.003 -20"><span class='ocrx_word' id='word_1_122' title='bbox 298 1998 345 2063; x_wconf 87' lang='lat' dir='ltr'>sie</span> <span class='ocrx_word' id='word_1_123' title='bbox 367 1994 525 2078; x_wconf 86' lang='lat' dir='ltr'>adhiberi,</span> <span class='ocrx_word' id='word_1_124' title='bbox 542 2000 581 2059; x_wconf 88' lang='lat' dir='ltr'>nt</span> <span class='ocrx_word' id='word_1_125' title='bbox 598 1995 682 2060; x_wconf 88' lang='lat' dir='ltr'>aetio</span> <span class='ocrx_word' id='word_1_126' title='bbox 699 1993 911 2081; x_wconf 76' lang='lat' dir='ltr'>signifioetur,</span> <span class='ocrx_word' id='word_1_127' title='bbox 928 2015 1015 2081; x_wconf 83' lang='lat' dir='ltr'>quae</span> <span class='ocrx_word' id='word_1_128' title='bbox 1032 2014 1096 2061; x_wconf 89' lang='lat' dir='ltr'>non</span> <span class='ocrx_word' id='word_1_129' title='bbox 1113 1995 1230 2081; x_wconf 90' lang='lat' dir='ltr'>priore,</span> <span class='ocrx_word' id='word_1_130' title='bbox 1248 1993 1307 2060; x_wconf 93' lang='lat' dir='ltr'>sed</span> <span class='ocrx_word' id='word_1_131' title='bbox 1326 1993 1442 2060; x_wconf 86' lang='lat' dir='ltr'>eodem</span> 
     </span>
     <span class='ocr_line' id='line_1_17' title="bbox 299 2097 1443 2186; baseline -0.002 -18"><span class='ocrx_word' id='word_1_132' title='bbox 299 2121 373 2168; x_wconf 90' lang='lat' dir='ltr'>oum</span> <span class='ocrx_word' id='word_1_133' title='bbox 394 2100 495 2166; x_wconf 83' lang='lat' dir='ltr'>verbo</span> <span class='ocrx_word' id='word_1_134' title='bbox 515 2098 607 2166; x_wconf 92' lang='lat' dir='ltr'>finito</span> <span class='ocrx_word' id='word_1_135' title='bbox 629 2106 775 2186; x_wconf 91' lang='lat' dir='ltr'>tempore</span> <span class='ocrx_word' id='word_1_136' title='bbox 796 2097 928 2166; x_wconf 89' lang='lat' dir='ltr'>ineidat.</span> <span class='ocrx_word' id='word_1_137' title='bbox 983 2098 1093 2175; x_wconf 80' lang='lat' dir='ltr'>Quare</span> <span class='ocrx_word' id='word_1_138' title='bbox 1124 2100 1219 2167; x_wconf 87' lang='lat' dir='ltr'>nobis</span> <span class='ocrx_word' id='word_1_139' title='bbox 1241 2107 1352 2166; x_wconf 84' lang='lat' dir='ltr'>nostre</span> <span class='ocrx_word' id='word_1_140' title='bbox 1374 2121 1443 2167; x_wconf 86' lang='lat' dir='ltr'>ser·</span> 
     </span>
     <span class='ocr_line' id='line_1_18' title="bbox 297 2201 1315 2290; baseline -0.002 -18"><span class='ocrx_word' id='word_1_141' title='bbox 297 2226 392 2272; x_wconf 90' lang='lat' dir='ltr'>mone</span> <span class='ocrx_word' id='word_1_142' title='bbox 413 2201 608 2270; x_wconf 81' lang='lat' dir='ltr'>vertendum</span> <span class='ocrx_word' id='word_1_143' title='bbox 631 2224 704 2270; x_wconf 84' lang='lat' dir='ltr'>esse</span> <span class='ocrx_word' id='word_1_144' title='bbox 726 2205 887 2290; x_wconf 87' lang='lat' dir='ltr'>partieuia</span> <span class='ocrx_word' id='word_1_145' title='bbox 908 2202 1019 2290; x_wconf 87' lang='lat' dir='ltr'>„und“</span> <span class='ocrx_word' id='word_1_146' title='bbox 1042 2214 1075 2271; x_wconf 85' lang='lat' dir='ltr'>et</span> <span class='ocrx_word' id='word_1_147' title='bbox 1094 2205 1195 2271; x_wconf 82' lang='lat' dir='ltr'>verbo</span> <span class='ocrx_word' id='word_1_148' title='bbox 1216 2204 1315 2272; x_wconf 84' lang='lat' dir='ltr'>finito.</span> 
     </span>
    </p>

    <p class='ocr_par' dir='ltr' id='par_1_4' title="bbox 298 2307 1442 3870">
     <span class='ocr_line' id='line_1_19' title="bbox 402 2307 1440 2398; baseline -0.001 -23"><span class='ocrx_word' id='word_1_149' title='bbox 402 2308 468 2376; x_wconf 82' lang='lat' dir='ltr'>Sed</span> <span class='ocrx_word' id='word_1_150' title='bbox 498 2309 562 2374; x_wconf 88' lang='lat' dir='ltr'>iem</span> <span class='ocrx_word' id='word_1_151' title='bbox 594 2307 637 2375; x_wconf 91' lang='lat' dir='ltr'>ad</span> <span class='ocrx_word' id='word_1_152' title='bbox 664 2307 717 2393; x_wconf 93' lang='lat' dir='ltr'>id,</span> <span class='ocrx_word' id='word_1_153' title='bbox 748 2308 836 2375; x_wconf 90' lang='lat' dir='ltr'>unde</span> <span class='ocrx_word' id='word_1_154' title='bbox 859 2309 1027 2392; x_wconf 86' lang='lat' dir='ltr'>aberravi,</span> <span class='ocrx_word' id='word_1_155' title='bbox 1058 2308 1167 2376; x_wconf 93' lang='lat' dir='ltr'>redeo.</span> <span class='ocrx_word' id='word_1_156' title='bbox 1210 2308 1275 2386; x_wconf 80' lang='lat' dir='ltr'>Qui</span> <span class='ocrx_word' id='word_1_157' title='bbox 1296 2310 1440 2398; x_wconf 78' lang='lat' dir='ltr'>singulos</span> 
     </span>
     <span class='ocr_line' id='line_1_20' title="bbox 298 2409 1440 2503; baseline -0.001 -22"><span class='ocrx_word' id='word_1_158' title='bbox 298 2417 385 2482; x_wconf 89' lang='lat' dir='ltr'>looos</span> <span class='ocrx_word' id='word_1_159' title='bbox 408 2435 428 2480; x_wconf 87' lang='lat' dir='ltr'>a</span> <span class='ocrx_word' id='word_1_160' title='bbox 448 2413 581 2480; x_wconf 83' lang='lat' dir='ltr'>Pfuhiio</span> <span class='ocrx_word' id='word_1_161' title='bbox 604 2415 655 2500; x_wconf 88' lang='lat' dir='ltr'>(et</span> <span class='ocrx_word' id='word_1_162' title='bbox 676 2412 884 2502; x_wconf 77' lang='lat' dir='ltr'>Hermanno)</span> <span class='ocrx_word' id='word_1_163' title='bbox 908 2413 1071 2481; x_wconf 88' lang='lat' dir='ltr'>adhibitos</span> <span class='ocrx_word' id='word_1_164' title='bbox 1100 2409 1285 2481; x_wconf 78' lang='lat' dir='ltr'>accuratius</span> <span class='ocrx_word' id='word_1_165' title='bbox 1313 2422 1440 2503; x_wconf 83' lang='lat' dir='ltr'>speeta-</span> 
     </span>
     <span class='ocr_line' id='line_1_21' title="bbox 299 2519 1440 2609; baseline 0 -23"><span class='ocrx_word' id='word_1_166' title='bbox 299 2521 390 2604; x_wconf 77' lang='lat' dir='ltr'>rerit,</span> <span class='ocrx_word' id='word_1_167' title='bbox 421 2519 626 2586; x_wconf 83' lang='lat' dir='ltr'>invenietne</span> <span class='ocrx_word' id='word_1_168' title='bbox 653 2520 705 2585; x_wconf 90' lang='lat' dir='ltr'>hio</span> <span class='ocrx_word' id='word_1_169' title='bbox 728 2519 858 2606; x_wconf 86' lang='lat' dir='ltr'>quidem</span> <span class='ocrx_word' id='word_1_170' title='bbox 881 2520 945 2587; x_wconf 91' lang='lat' dir='ltr'>sibi</span> <span class='ocrx_word' id='word_1_171' title='bbox 965 2539 1062 2609; x_wconf 85' lang='lat' dir='ltr'>pares</span> <span class='ocrx_word' id='word_1_172' title='bbox 1086 2540 1160 2586; x_wconf 87' lang='lat' dir='ltr'>ease</span> <span class='ocrx_word' id='word_1_173' title='bbox 1182 2521 1326 2587; x_wconf 77' lang='lat' dir='ltr'>notiones</span> <span class='ocrx_word' id='word_1_174' title='bbox 1348 2522 1440 2589; x_wconf 87' lang='lat' dir='ltr'>verbi</span> 
     </span>
     <span class='ocr_line' id='line_1_22' title="bbox 298 2622 1441 2711; baseline 0.003 -23"><span class='ocrx_word' id='word_1_175' title='bbox 298 2624 380 2691; x_wconf 90' lang='lat' dir='ltr'>finiti</span> <span class='ocrx_word' id='word_1_176' title='bbox 404 2630 438 2690; x_wconf 93' lang='lat' dir='ltr'>et</span> <span class='ocrx_word' id='word_1_177' title='bbox 459 2624 635 2711; x_wconf 86' lang='lat' dir='ltr'>partieipii,</span> <span class='ocrx_word' id='word_1_178' title='bbox 666 2622 725 2689; x_wconf 91' lang='lat' dir='ltr'>sed</span> <span class='ocrx_word' id='word_1_179' title='bbox 742 2625 927 2711; x_wconf 87' lang='lat' dir='ltr'>primariam</span> <span class='ocrx_word' id='word_1_180' title='bbox 951 2626 1111 2691; x_wconf 80' lang='lat' dir='ltr'>notionem</span> <span class='ocrx_word' id='word_1_181' title='bbox 1132 2625 1232 2691; x_wconf 82' lang='lat' dir='ltr'>uerbo</span> <span class='ocrx_word' id='word_1_182' title='bbox 1254 2623 1359 2710; x_wconf 85' lang='lat' dir='ltr'>finito,</span> <span class='ocrx_word' id='word_1_183' title='bbox 1390 2646 1441 2691; x_wconf 84' lang='lat' dir='ltr'>ae·</span> 
     </span>
     <span class='ocr_line' id='line_1_23' title="bbox 299 2727 1440 2816; baseline 0.003 -20"><span class='ocrx_word' id='word_1_184' title='bbox 299 2727 496 2812; x_wconf 70' lang='lat' dir='ltr'>nonnionem,</span> <span class='ocrx_word' id='word_1_185' title='bbox 519 2727 640 2812; x_wconf 86' lang='lat' dir='ltr'>idest,</span> <span class='ocrx_word' id='word_1_186' title='bbox 671 2728 811 2815; x_wconf 90' lang='lat' dir='ltr'>quando,</span> <span class='ocrx_word' id='word_1_187' title='bbox 844 2729 963 2816; x_wconf 90' lang='lat' dir='ltr'>quibus</span> <span class='ocrx_word' id='word_1_188' title='bbox 985 2731 1093 2796; x_wconf 77' lang='lat' dir='ltr'>eastris</span> <span class='ocrx_word' id='word_1_189' title='bbox 1117 2730 1167 2796; x_wconf 86' lang='lat' dir='ltr'>vel</span> <span class='ocrx_word' id='word_1_190' title='bbox 1189 2727 1440 2816; x_wconf 86' lang='lat' dir='ltr'>eondieionibns,</span> 
     </span>
     <span class='ocr_line' id='line_1_24' title="bbox 299 2831 1442 2924; baseline 0.001 -26"><span class='ocrx_word' id='word_1_191' title='bbox 299 2831 469 2920; x_wconf 93' lang='lat' dir='ltr'>quomodo,</span> <span class='ocrx_word' id='word_1_192' title='bbox 493 2835 610 2920; x_wconf 87' lang='lat' dir='ltr'>quibos</span> <span class='ocrx_word' id='word_1_193' title='bbox 634 2835 765 2900; x_wconf 78' lang='lat' dir='ltr'>auxiliis</span> <span class='ocrx_word' id='word_1_194' title='bbox 788 2835 930 2921; x_wconf 91' lang='lat' dir='ltr'>quidque</span> <span class='ocrx_word' id='word_1_195' title='bbox 953 2835 1075 2901; x_wconf 86' lang='lat' dir='ltr'>iaetum</span> <span class='ocrx_word' id='word_1_196' title='bbox 1097 2835 1153 2920; x_wconf 93' lang='lat' dir='ltr'>sit,</span> <span class='ocrx_word' id='word_1_197' title='bbox 1184 2836 1356 2924; x_wconf 78' lang='lat' dir='ltr'>participio</span> <span class='ocrx_word' id='word_1_198' title='bbox 1377 2835 1442 2924; x_wconf 70' lang='lat' dir='ltr'>aig·</span> 
     </span>
     <span class='ocr_line' id='line_1_25' title="bbox 298 2939 1440 3028; baseline -0.004 -22"><span class='ocrx_word' id='word_1_199' title='bbox 298 2939 431 3006; x_wconf 85' lang='lat' dir='ltr'>nitioari.</span> <span class='ocrx_word' id='word_1_200' title='bbox 486 2940 533 3004; x_wconf 91' lang='lat' dir='ltr'>Ut</span> <span class='ocrx_word' id='word_1_201' title='bbox 562 2946 700 3028; x_wconf 88' lang='lat' dir='ltr'>apparet</span> <span class='ocrx_word' id='word_1_202' title='bbox 730 2939 764 3005; x_wconf 89' lang='lat' dir='ltr'>in</span> <span class='ocrx_word' id='word_1_203' title='bbox 796 2939 858 3004; x_wconf 93' lang='lat' dir='ltr'>hoo</span> <span class='ocrx_word' id='word_1_204' title='bbox 885 2939 1035 3027; x_wconf 87' lang='lat' dir='ltr'>exemplo</span> <span class='ocrx_word' id='word_1_205' title='bbox 1057 2940 1167 3028; x_wconf 90' lang='lat' dir='ltr'>(Diod.</span> <span class='ocrx_word' id='word_1_206' title='bbox 1190 2941 1251 3007; x_wconf 79' lang='lat' dir='ltr'>Sio.</span> <span class='ocrx_word' id='word_1_207' title='bbox 1273 2941 1335 3026; x_wconf 89' lang='lat' dir='ltr'>Xi,</span> <span class='ocrx_word' id='word_1_208' title='bbox 1358 2940 1440 3027; x_wconf 86' lang='lat'><strong>31.):</strong></span> 
     </span>
     <span class='ocr_line' id='line_1_26' title="bbox 298 3039 1439 3132; baseline 0 -22"><span class='ocrx_word' id='word_1_209' title='bbox 298 3043 468 3130; x_wconf 84' lang='lat' dir='ltr'>partieipia</span> <span class='ocrx_word' id='word_1_210' title='bbox 489 3039 723 3128; x_wconf 73' lang='grc' dir='ltr'><strong><em>ἀγωνισάμενος</em></strong></span> <span class='ocrx_word' id='word_1_211' title='bbox 746 3042 882 3129; x_wconf 89' lang='lat' dir='ltr'>exprimi</span> <span class='ocrx_word' id='word_1_212' title='bbox 905 3063 1048 3127; x_wconf 86' lang='lat' dir='ltr'>eausam,</span> <span class='ocrx_word' id='word_1_213' title='bbox 1080 3065 1176 3132; x_wconf 90' lang='lat' dir='ltr'>quam</span> <span class='ocrx_word' id='word_1_214' title='bbox 1199 3044 1240 3111; x_wconf 91' lang='lat' dir='ltr'>ob</span> <span class='ocrx_word' id='word_1_215' title='bbox 1263 3065 1332 3111; x_wconf 86' lang='lat' dir='ltr'>rem</span> <span class='ocrx_word' id='word_1_216' title='bbox 1355 3045 1439 3112; x_wconf 87' lang='lat' dir='ltr'>aetio</span> 
     </span>
     <span class='ocr_line' id='line_1_27' title="bbox 299 3146 1439 3237; baseline 0.002 -23"><span class='ocrx_word' id='word_1_217' title='bbox 299 3151 453 3237; x_wconf 87' lang='lat' dir='ltr'>primaria</span> <span class='ocrx_word' id='word_1_218' title='bbox 471 3148 559 3214; x_wconf 76' lang='lat' dir='ltr'>faeta</span> <span class='ocrx_word' id='word_1_219' title='bbox 578 3147 631 3232; x_wconf 88' lang='lat' dir='ltr'>ait,</span> <span class='ocrx_word' id='word_1_220' title='bbox 649 3146 737 3234; x_wconf 92' lang='lat' dir='ltr'>quod</span> <span class='ocrx_word' id='word_1_221' title='bbox 758 3148 888 3214; x_wconf 82' lang='lat' dir='ltr'>fortiter</span> <span class='ocrx_word' id='word_1_222' title='bbox 905 3149 1087 3237; x_wconf 76' lang='lat' dir='ltr'>pugnabat,</span> <span class='ocrx_word' id='word_1_223' title='bbox 1106 3146 1239 3236; x_wconf 86' lang='lat' dir='ltr'>oooidit;</span> <span class='ocrx_word' id='word_1_224' title='bbox 1262 3156 1296 3215; x_wconf 89' lang='lat' dir='ltr'>et</span> <span class='ocrx_word' id='word_1_225' title='bbox 1317 3151 1439 3237; x_wconf 84' lang='lat' dir='ltr'>pariter</span> 
     </span>
     <span class='ocr_line' id='line_1_28' title="bbox 299 3251 1438 3342; baseline 0.004 -24"><span class='ocrx_word' id='word_1_226' title='bbox 299 3252 395 3321; x_wconf 90' lang='lat' dir='ltr'>Diod.</span> <span class='ocrx_word' id='word_1_227' title='bbox 416 3253 478 3320; x_wconf 81' lang='lat' dir='ltr'>sio.</span> <span class='ocrx_word' id='word_1_228' title='bbox 500 3251 543 3337; x_wconf 87' lang='lat' dir='ltr'>Il,</span> <span class='ocrx_word' id='word_1_229' title='bbox 578 3254 634 3320; x_wconf 86' lang='lat'>13:</span> <span class='ocrx_word' id='word_1_230' title='bbox 665 3251 853 3338; x_wconf 69' lang='grc' dir='ltr'><strong><em>ἐντούτῳ.</em></strong></span> <span class='ocrx_word' id='word_1_231' title='bbox 877 3251 1174 3342; x_wconf 76' lang='grc' dir='ltr'><strong><em>..ἐνδιατρίψασα</em></strong></span> <span class='ocrx_word' id='word_1_232' title='bbox 1195 3255 1272 3320; x_wconf 76' lang='grc' dir='ltr'><strong><em>καὶ.</em></strong></span> <span class='ocrx_word' id='word_1_233' title='bbox 1296 3305 1303 3320; x_wconf 94' lang='grc'><strong><em>.</em></strong></span> <span class='ocrx_word' id='word_1_234' title='bbox 1326 3305 1333 3321; x_wconf 93' lang='grc'><strong>.</strong></span> <span class='ocrx_word' id='word_1_235' title='bbox 1355 3253 1438 3322; x_wconf 75' lang='grc' dir='ltr'><strong><em>ἀπο·</em></strong></span> 
     </span>
     <span class='ocr_line' id='line_1_29' title="bbox 299 3354 1440 3450; baseline 0.004 -25"><span class='ocrx_word' id='word_1_236' title='bbox 299 3356 458 3443; x_wconf 80' lang='grc' dir='ltr'><strong><em>λούσασα,</em></strong></span> <span class='ocrx_word' id='word_1_237' title='bbox 479 3361 577 3450; x_wconf 76' lang='grc' dir='ltr'><strong><em>γῆμαι</em></strong></span> <span class='ocrx_word' id='word_1_238' title='bbox 596 3407 603 3423; x_wconf 92' lang='grc'><em>.</em></span> <span class='ocrx_word' id='word_1_239' title='bbox 626 3407 634 3424; x_wconf 94' lang='grc'><strong>.</strong></span> <span class='ocrx_word' id='word_1_240' title='bbox 657 3408 664 3424; x_wconf 92' lang='grc'><strong>.</strong></span> <span class='ocrx_word' id='word_1_241' title='bbox 688 3354 745 3424; x_wconf 76' lang='grc' dir='ltr'>οὐκ</span> <span class='ocrx_word' id='word_1_242' title='bbox 767 3355 936 3448; x_wconf 66' lang='grc' dir='ltr'><strong><em>ἠθέλησεν,</em></strong></span> <span class='ocrx_word' id='word_1_243' title='bbox 957 3379 1030 3428; x_wconf 86' lang='lat' dir='ltr'>oum</span> <span class='ocrx_word' id='word_1_244' title='bbox 1057 3367 1240 3427; x_wconf 87' lang='lat' dir='ltr'>moraretur</span> <span class='ocrx_word' id='word_1_245' title='bbox 1261 3359 1440 3428; x_wconf 81' lang='lat' dir='ltr'>frueretur·</span> 
     </span>
     <span class='ocr_line' id='line_1_30' title="bbox 298 3461 1439 3554; baseline 0.002 -25"><span class='ocrx_word' id='word_1_246' title='bbox 298 3482 363 3552; x_wconf 85' lang='lat' dir='ltr'>que</span> <span class='ocrx_word' id='word_1_247' title='bbox 385 3515 391 3528; x_wconf 95' lang='lat'>.</span> <span class='ocrx_word' id='word_1_248' title='bbox 414 3515 421 3530; x_wconf 92' lang='lat'><em>.</em></span> <span class='ocrx_word' id='word_1_249' title='bbox 444 3515 461 3548; x_wconf 88' lang='lat'>.,</span> <span class='ocrx_word' id='word_1_250' title='bbox 492 3462 616 3530; x_wconf 86' lang='lat' dir='ltr'>nubere</span> <span class='ocrx_word' id='word_1_251' title='bbox 646 3463 764 3546; x_wconf 85' lang='lat' dir='ltr'>noluit;</span> <span class='ocrx_word' id='word_1_252' title='bbox 795 3482 871 3528; x_wconf 83' lang='lat' dir='ltr'>nrox</span> <span class='ocrx_word' id='word_1_253' title='bbox 900 3461 1037 3530; x_wconf 85' lang='lat' dir='ltr'>ibidem:</span> <span class='ocrx_word' id='word_1_254' title='bbox 1067 3469 1202 3552; x_wconf 80' lang='grc' dir='ltr'><strong><em>πορείαν</em></strong></span> <span class='ocrx_word' id='word_1_255' title='bbox 1232 3477 1439 3554; x_wconf 65' lang='grc' dir='ltr'><strong><em>ποιησαμένη,</em></strong></span> 
     </span>
     <span class='ocr_line' id='line_1_31' title="bbox 299 3567 1439 3656; baseline 0.001 -20"><span class='ocrx_word' id='word_1_256' title='bbox 299 3577 499 3654; x_wconf 72' lang='grc' dir='ltr'><strong><em>παρεγένετο,</em></strong></span> <span class='ocrx_word' id='word_1_257' title='bbox 521 3587 595 3636; x_wconf 91' lang='lat' dir='ltr'>oum</span> <span class='ocrx_word' id='word_1_258' title='bbox 616 3567 680 3635; x_wconf 88' lang='lat' dir='ltr'>iter</span> <span class='ocrx_word' id='word_1_259' title='bbox 702 3567 835 3652; x_wconf 77' lang='lat' dir='ltr'>sanaret,</span> <span class='ocrx_word' id='word_1_260' title='bbox 868 3569 1033 3656; x_wconf 74' lang='lat' dir='ltr'>pervenit,</span> <span class='ocrx_word' id='word_1_261' title='bbox 1065 3567 1128 3656; x_wconf 84' lang='lat' dir='ltr'>Xi,</span> <span class='ocrx_word' id='word_1_262' title='bbox 1151 3570 1209 3638; x_wconf 78' lang='lat'>52:</span> <span class='ocrx_word' id='word_1_263' title='bbox 1236 3569 1348 3655; x_wconf 72' lang='grc' dir='ltr'><strong><em>οἱμὲν</em></strong></span> <span class='ocrx_word' id='word_1_264' title='bbox 1369 3569 1439 3637; x_wconf 77' lang='grc' dir='ltr'>διώ·</span> 
     </span>
     <span class='ocr_line' id='line_1_32' title="bbox 299 3671 1440 3762; baseline 0.003 -23"><span class='ocrx_word' id='word_1_265' title='bbox 299 3681 411 3754; x_wconf 67' lang='lat' dir='ltr'>§nosse</span> <span class='ocrx_word' id='word_1_266' title='bbox 433 3723 439 3738; x_wconf 93' lang='lat'><em>.</em></span> <span class='ocrx_word' id='word_1_267' title='bbox 463 3723 471 3740; x_wconf 89' lang='lat'><strong>.</strong></span> <span class='ocrx_word' id='word_1_268' title='bbox 493 3723 510 3758; x_wconf 88' lang='lat'>.,</span> <span class='ocrx_word' id='word_1_269' title='bbox 532 3671 668 3758; x_wconf 70' lang='lat' dir='ltr'>draiton,</span> <span class='ocrx_word' id='word_1_270' title='bbox 690 3692 762 3740; x_wconf 87' lang='lat' dir='ltr'>oum</span> <span class='ocrx_word' id='word_1_271' title='bbox 790 3687 1067 3762; x_wconf 82' lang='lat' dir='ltr'>persequerentur</span> <span class='ocrx_word' id='word_1_272' title='bbox 1089 3727 1096 3742; x_wconf 94' lang='lat'><strong>.</strong></span> <span class='ocrx_word' id='word_1_273' title='bbox 1119 3728 1126 3743; x_wconf 92' lang='lat'>.</span> <span class='ocrx_word' id='word_1_274' title='bbox 1148 3725 1167 3759; x_wconf 93' lang='lat'>.,</span> <span class='ocrx_word' id='word_1_275' title='bbox 1197 3675 1440 3756; x_wconf 81' lang='lat' dir='ltr'>interfecerunt,</span> 
     </span>
     <span class='ocr_line' id='line_1_33' title="bbox 300 3777 1439 3870; baseline 0.002 -24"><span class='ocrx_word' id='word_1_276' title='bbox 300 3785 334 3846; x_wconf 87' lang='lat' dir='ltr'>et</span> <span class='ocrx_word' id='word_1_277' title='bbox 354 3779 388 3844; x_wconf 93' lang='lat' dir='ltr'>in</span> <span class='ocrx_word' id='word_1_278' title='bbox 409 3779 527 3846; x_wconf 87' lang='lat' dir='ltr'>oeteris</span> <span class='ocrx_word' id='word_1_279' title='bbox 549 3779 675 3846; x_wconf 76' lang='lat' dir='ltr'>similia.</span> <span class='ocrx_word' id='word_1_280' title='bbox 717 3777 761 3844; x_wconf 86' lang='lat' dir='ltr'>Et</span> <span class='ocrx_word' id='word_1_281' title='bbox 782 3781 947 3868; x_wconf 89' lang='lat' dir='ltr'>pertinent</span> <span class='ocrx_word' id='word_1_282' title='bbox 969 3780 1084 3848; x_wconf 90' lang='lat' dir='ltr'>eodem</span> <span class='ocrx_word' id='word_1_283' title='bbox 1107 3802 1158 3868; x_wconf 85' lang='lat' dir='ltr'>ea,</span> <span class='ocrx_word' id='word_1_284' title='bbox 1180 3802 1267 3870; x_wconf 88' lang='lat' dir='ltr'>quae</span> <span class='ocrx_word' id='word_1_285' title='bbox 1289 3781 1439 3850; x_wconf 83' lang='lat' dir='ltr'>Pinhiiur</span> 
     </span>
    </p>
   </div>
   <div class='ocr_carea' id='block_1_3' title="bbox 403 4005 980 4170">
    <p class='ocr_par' dir='ltr' id='par_1_5' title="bbox 403 4005 980 4170">
     <span class='ocr_line' id='line_1_34' title="bbox 404 4005 980 4080; baseline 0.005 -18"><span class='ocrx_word' id='word_1_286' title='bbox 404 4007 425 4075; x_wconf 88' lang='lat'>¹)</span> <span class='ocrx_word' id='word_1_287' title='bbox 443 4005 604 4064; x_wconf 79' lang='lat' dir='ltr'>Hermann</span> <span class='ocrx_word' id='word_1_288' title='bbox 622 4006 655 4062; x_wconf 87' lang='lat' dir='ltr'>ad</span> <span class='ocrx_word' id='word_1_289' title='bbox 673 4006 732 4078; x_wconf 78' lang='lat' dir='ltr'>Vig.</span> <span class='ocrx_word' id='word_1_290' title='bbox 750 4023 808 4080; x_wconf 82' lang='lat' dir='ltr'>pag.</span> <span class='ocrx_word' id='word_1_291' title='bbox 828 4010 879 4066; x_wconf 81' lang='grc'>773</span> <span class='ocrx_word' id='word_1_292' title='bbox 897 4009 980 4080; x_wconf 81' lang='grc'><strong>(224).</strong></span> 
     </span>
     <span class='ocr_line' id='line_1_35' title="bbox 403 4095 918 4170; baseline 0.012 -21"><span class='ocrx_word' id='word_1_293' title='bbox 403 4095 425 4166; x_wconf 77' lang='lat'>²)</span> <span class='ocrx_word' id='word_1_294' title='bbox 444 4095 605 4150; x_wconf 82' lang='lat' dir='ltr'>Hermann</span> <span class='ocrx_word' id='word_1_295' title='bbox 622 4095 656 4152; x_wconf 84' lang='lat' dir='ltr'>sd</span> <span class='ocrx_word' id='word_1_296' title='bbox 674 4097 770 4152; x_wconf 78' lang='lat' dir='ltr'>Aesoh.</span> <span class='ocrx_word' id='word_1_297' title='bbox 789 4101 838 4170; x_wconf 72' lang='lat' dir='ltr'>Ag.</span> <span class='ocrx_word' id='word_1_298' title='bbox 857 4099 918 4155; x_wconf 76' lang='lat'><strong>934.</strong></span> 
     </span>
    </p>
   </div>
   <div class='ocr_carea' id='block_1_4' title="bbox 0 0 1590 4902">
    <p class='ocr_par' dir='ltr' id='par_1_6' title="bbox 0 0 1590 4902">
     <span class='ocr_line' id='line_1_36' title="bbox 0 0 1590 4902; baseline 0 0"><span class='ocrx_word' id='word_1_299' title='bbox 0 0 1590 4902; x_wconf 95' lang='lat' dir='ltr'> </span> 
     </span>
    </p>
   </div>
  </div>
 </body>
</html>
