3172 4902
632 353 835 455 Aa„

158 561 334 632 incendens
357 616 364 631 .
387 616 394 631 .
417 615 424 630 .
446 562 588 652 perduxi
609 564 653 630 ad
676 570 788 648 artem,
809 563 932 630 dictum
955 587 974 630 a
997 563 1201 632 Prometheo.
1238 563 1307 631 Du·

161 670 259 736 bitari
282 668 406 756 nequit,
429 669 507 756 quin
530 669 562 735 in
585 667 675 734 idem
694 675 824 756 tempus
847 668 932 735 duae
956 671 1101 736 actiones
1124 667 1305 736 concidant.

203 791 321 860 Aesch.
344 791 407 880 Ag.
431 792 502 860 176.
524 790 670 870 τεύξεται
691 795 815 877 φρενῶν
836 788 873 858 τό
896 796 973 876 πᾶν,

264 894 322 964 τόν
343 901 471 988 φρονεῖν
492 896 623 981 βροτοός
645 895 823 981 όδῶσαντα,
847 901 915 982 (τῷ)
938 893 1045 963 πόθει
1065 895 1177 981 μάθος

370 997 475 1068 θέντα
497 1007 607 1088 κυρίως
629 999 712 1084 ἔχειν
734 1054 741 1066 .
765 1053 773 1087 ‚

161 1123 317 1208 (Jovem),
349 1125 403 1210 qui
426 1145 544 1212 sapere
566 1125 718 1189 mortales
741 1123 870 1205 docuit,
903 1144 975 1189 cum
996 1123 1082 1189 hanc
1103 1123 1210 1210 legem
1233 1145 1308 1189 san·

162 1229 253 1310 ciret,
274 1235 312 1295 ut
334 1221 482 1295 doctrina
504 1249 565 1294 usu
590 1231 708 1314 (parta)
732 1230 869 1296 valeret.
923 1226 1077 1293 Nondum
1099 1236 1235 1293 sanatus
1256 1235 1318 1294 est·

156 1334 265 1416 iceua3
287 1331 425 1398 offendit
448 1334 534 1398 enim
556 1337 608 1399 τῶ.
654 1329 777 1406 Quodsi
800 1331 1009 1398 Hermannus
1032 1333 1101 1396 vult
1123 1335 1176 1417 τῷ,
1200 1353 1306 1419 neque

160 1437 299 1502 mutatio
322 1443 373 1526 est
395 1459 501 1524 neque
523 1437 677 1502 dissentit
699 1459 719 1503 a
741 1457 791 1522 re3
815 1445 849 1503 at
872 1437 1043 1523 quominus
1067 1437 1229 1502 assentiar
1249 1437 1306 1502 illa

161 1541 299 1606 formula
320 1541 506 1629 prohibeor,
537 1563 623 1628 quae
646 1529 911 1626 (πόθσςμόθος)
936 1543 983 1606 ita
1006 1546 1151 1625 constat,
1182 1545 1305 1607 utnon

162 1647 355 1712 alterutrum
377 1647 569 1713 vocabulum
593 1647 738 1735 patiatur
761 1648 943 1713 articulum.
967 1683 1008 1694 -—

265 1787 383 1854 Aescb.
403 1787 453 1854 Pr.
472 1788 544 1855 848.
569 1837 577 1872 ‚
600 1788 659 1854 ubi
681 1787 896 1855 Prometheus
920 1789 1065 1862 futuram
1088 1793 1207 1852 sortem
1231 1785 1306 1853 Jovi

162 1894 385 1979 praenuntiat:

266 2015 414 2083 ἐνταῦθα
436 2015 476 2107 δή
499 2041 535 2083 σε
558 2016 637 2093 Ζεός
659 2022 790 2104 τίθησιν
812 2013 957 2104 ἔμφρονα

318 2120 455 2206 ἐπαφῶν
476 2119 612 2206 ἀταρβεῖ
629 2125 706 2207 χειρὶ
728 2125 780 2188 καὶ
802 2119 905 2206 θινῶν
926 2111 1027 2206 μόνον
1050 2172 1057 2186 .
1081 2173 1089 2204 ,

161 2243 207 2309 ibi
231 2241 385 2329 Juppiter
408 2248 441 2309 tc
463 2249 572 2310 mente
595 2265 709 2312 sanam
733 2244 854 2311 efficiet
885 2265 983 2310 manu
1006 2241 1135 2329 placida
1162 2248 1306 2308 contrec-

160 2353 235 2412 tans
258 2356 358 2434 atque
379 2348 546 2434 attingens
569 2355 705 2416 tantum.
758 2347 949 2414 Praesentis
976 2347 1147 2435 participio
1169 2349 1306 2433 ἐπαφῶν

162 2459 292 2538 poetam
322 2473 417 2518 usum
449 2474 522 2518 esse
553 2461 686 2542 propter
718 2454 961 2519 similitudinem
1000 2453 1136 2518 nominis
1167 2450 1306 2538 Epaphi,

162 2555 218 2641 qui
241 2556 332 2622 Jovis
355 2563 390 2622 et
412 2557 473 2623 Jus
495 2556 581 2624 filius
606 2564 686 2640 erat,
709 2558 935 2624 Weckleiniua
957 2565 1048 2623 recte
1070 2562 1305 2623 commemorat.

161 2651 335 2727 Elmsleius
357 2683 487 2728 uersum
509 2663 574 2730 849
596 2663 742 2749 spurium
764 2663 913 2748 seclusit3
937 2668 971 2727 at
993 2661 1071 2726 mibi
1092 2682 1157 2726 nou
1180 2660 1306 2726 alienus

163 2787 236 2832 esse
258 2766 312 2832 hic
332 2788 447 2833 versus
471 2790 491 2833 a
513 2769 707 2834 revidetur.
731 2805 771 2816 —

205 2906 324 2973 Aesch.
347 2905 410 2994 Ag.
432 2905 505 2974 849.
528 2905 590 2990 ότῳ
611 2910 648 2973 δὲ
669 2895 723 2974 καὶ
744 2911 797 2973 δεῖ
814 2907 991 2993 φαρμάκων
1013 2910 1185 2990 παιωνίων,

318 3009 386 3104 ἢτοι
408 3021 534 3089 κέαντες
555 3007 575 3104 ἢ
597 3011 746 3097 τεμόντες
767 3010 926 3100 εὐφρόνως

266 3117 515 3202 πειρασόμεσθα
537 3116 684 3209 πήματος
705 3128 824 3202 τρέψαι
847 3115 942 3184 νόσον
964 3171 970 3184 .
994 3169 1002 3202 ‚

163 3239 189 3302 ei
212 3237 358 3305 remedia
376 3259 458 3326 opus
476 3249 562 3324 suot,
580 3241 769 3307 conabimur
785 3239 910 3306 urendo
928 3240 979 3306 uel
998 3237 1140 3305 secando
1158 3240 1305 3305 morbum

163 3344 448 3430 calamitatemque
470 3346 589 3412 levare.
641 3344 691 3411 Eo
718 3345 823 3411 minus
846 3345 898 3411 bic
919 3345 1091 3432 participia
1115 3345 1226 3410 aoristi
1249 3365 1306 3408 ex·

162 3457 361 3536 spectantur,
383 3449 470 3537 quod
491 3451 607 3517 subest
622 3450 765 3535 iterati03
787 3449 847 3516 aed
864 3452 1036 3538 participio
1054 3449 1167 3516 coristi
1184 3447 1305 3535 aliquid

162 3553 350 3640 simpliciter
370 3555 516 3620 incidens
539 3554 709 3639 indicatur,
727 3555 932 3622 iterationem
952 3556 1089 3622 actionis
1107 3556 1135 3620 is
1153 3554 1208 3641 qui
1225 3554 1306 3642 legit

163 3658 336 3746 cogitando
359 3661 454 3727 facile
476 3662 671 3747 assequitur.
692 3700 734 3708 —

265 3799 341 3866 Eur.
364 3799 483 3867 Troad.
507 3801 607 3884 10403
638 3800 683 3865 ibi
706 3798 876 3866 Menelaus
898 3801 1059 3868 Hecubae
1090 3807 1226 3866 mortem
1248 3800 1305 3866 mi·

162 3904 270 3971 nitens
294 3903 385 3970 dicit:

255 4024 385 4103 ,πόνους
406 4024 435 4093 τ’
456 4025 581 4110 Ἀχαιῶν
601 4025 727 4105 α’πόδος
748 4031 784 4094 ἐν
805 4030 905 4113 μικρῷ
925 4027 1063 4113 μακροός

318 4129 522 4222 bonomia
542 4130 693 4230 εἰδῇςμῆ
713 4132 936 4230 καταισχύνειν
957 4133 1022 4230 ἐμέ,
1114 4197 1118 4202 .
1154 4197 1157 4202 .
