3172 4902
623 363 830 465 *e-

198 571 314 640 Aeeeh.
337 573 400 660 Ag.
424 574 496 641 880.
519 583 626 662 τρέφει
647 572 706 661 yolo
729 626 735 640 .
760 626 766 640 .
790 627 797 642 .
820 579 1000 664 προφωνῶν
1360 658 1366 676 ι

153 680 213 744 elit
234 681 320 744 onim
344 679 510 766 (Orestem
534 678 729 768 Strophius),
751 682 806 767 qui
830 682 906 747 mihi
929 684 1015 748 mala
1033 683 1188 771 ancipitia
1205 704 1312 770 praea-

154 783 246 850 dixit.
272 823 311 832 -

198 889 316 955 Aesoh.
339 881 430 954 Eum.
454 891 527 957 240.
550 887 645 974 ὅμοια
666 900 779 974 χέρσον
801 894 853 956 καὶ
874 890 1052 959 θάλασσαν
1074 891 1218 979 ἐκπερῶν

260 1044 266 1059 .
291 1047 297 1060 .
320 1046 327 1061 .
351 995 501 1079 πρόσειμι
524 1048 530 1061 .
554 1048 592 1062 ..

199 1099 317 1165 Aesoh.
339 1099 393 1166 Pr.
417 1100 489 1167 559.
521 1151 527 1165 .
551 1153 557 1166 .
581 1152 588 1165 .
611 1098 664 1166 ἴτε
687 1099 749 1167 τῶν
771 1099 969 1186 ὁμοπάτριον
990 1103 1091 1179 ἕδνοις

259 1203 371 1288 ἄγαγες
390 1204 540 1272 Ἡσιόναν
563 1211 689 1272 πεί-ἔλων
711 1204 862 1292 δάμαρτα
883 1205 1097 1290 κοινόλεκτρον
1119 1259 1125 1272 .

154 1309 229 1375 Non
252 1317 340 1376 reete
367 1331 440 1376 meo
471 1310 591 1377 iudioio
623 1311 702 1377 feeit
732 1310 938 1388 Diodorfiue,
975 1313 1030 1398 qui
1062 1310 1174 1378 πισῶν
1205 1316 1300 1378 textu

154 1414 288 1502 recepit,
310 1412 399 1501 quod
422 1415 495 1481 libri
518 1415 697 1481 deteriores
719 1417 888 1504 praebent.
912 1453 952 1464 -

199 1520 337 1587 Similia:
359 1519 437 1585 ibid.
453 1521 532 1586 713:
549 1525 770 1605 χριζαπτσνσας
793 1522 871 1589 7¹22:
896 1516 1160 1607 όπερβάλλσνσας
1181 1523 1299 1588 Aeuoh.

260 1625 370 1712 Suppl.
395 1624 473 1691 918:
495 1623 647 1710 εὑρίσκων
669 1631 728 1691 ete.
751 1664 792 1674 -

199 1729 297 1816 Soph.
319 1729 435 1796 Trauli.
458 1731 531 1796 381.
553 1728 635 1819 Ἰόλη
654 1728 797 1816 ’nutrica
819 1735 874 1824 τῆς
896 1729 1009 1807 ἐκεῖνος
1031 1729 1161 1815 σόδαμῶ

259 1831 401 1918 βλαστῶς
423 1833 545 1922 ἐφώνει,
568 1838 672 1927 δῆθεν
693 1834 788 1902 οὐδὲν
810 1836 944 1921 ἱστορῶν
968 1888 975 1902 .
999 1887 1007 1920 ,

155 1938 214 2003 ubi
235 1939 369 2005 nuntius
391 1939 587 2006 Deianirae:
617 1939 753 2006 Liohom
785 1940 874 2006 haud
905 1941 1077 2028 ignorare,
1108 1938 1196 2005 unde
1228 1937 1302 2004 Jole

157 2049 229 2109 orta
252 2045 302 2127 sit,
325 2046 386 2109 etsi
408 2046 455 2110 ita
477 2053 589 2111 narret
612 2045 679 2129 (ofr.
701 2067 784 2112 vers.
803 2045 888 2128 316),
911 2045 1005 2131 quasi
1028 2065 1091 2110 non
1116 2043 1301 2130 quaesierit.

196 2149 296 2241 Soph.
320 2149 370 2214 Αἱ.
398 2151 466 2217 148.
489 2150 635 2218 τοιούσδε
656 2151 764 2235 λόγους
787 2149 947 2238 ψιόόρσνς
970 2148 1129 2217 πλόσσων

261 2254 304 2331 εἰς
326 2244 393 2320 eico
415 2267 503 2342 orori
526 2259 628 2323 πᾶσιν
649 2255 844 2341 Ὀδυσσεός,

201 2359 278 2426 ibid.
303 2360 396 2427 1054.
419 2365 584 2449 ζητοῦντες
607 2414 613 2428 .
637 2414 644 2429 .
667 2413 674 2428 .
698 2359 896 2447 ἑξεόρομιν,

201 2464 298 2553 Soph.
321 2465 403 2532 Phil.
427 2468 499 2534 215.
522 2474 648 2534 πταίων
670 2520 676 2533 .
700 2519 707 2533 .
731 2519 737 2534 .
760 2471 823 2556 βοᾷ
845 2519 852 2533 .

201 2568 298 2662 Soph.
320 2569 358 2636 0.
382 2570 416 2638 Ο.
440 2573 512 2639 551.
535 2574 664 2639 πολλῶν
684 2571 809 2638 dioilo»
831 2575 866 2638 ἕν
887 2598 922 2638 τί
944 2573 989 2655 τῷ
1012 2567 1114 2656 πάρος
1134 2567 1236 2654 χρόνῳ

261 2674 319 2754 τοὶς
341 2676 518 2767 αἱματηροὶς
540 2676 695 2764 ὀμμάτων
716 2675 901 2766 διαφθοραὶ

314 2781 433 2866 ἔγνωκά
456 2781 494 2868 σ’,
517 2771 542 2848 oi
564 2789 631 2848 παῖ
648 2784 753 2850 Λαΐου
775 2834 783 2867 ,
808 2834 812 2847 .
837 2833 844 2850 .

159 2905 232 2952 eum
265 2907 308 2951 ex
340 2889 514 2954 multorum
548 2908 696 2954 sermone
728 2888 806 2953 mihi
840 2886 962 2952 duduin
994 2885 1203 2966 innotuerit,

159 2989 233 3056 novi
256 2996 289 3056 le
312 3043 348 3058 ..
378 2992 558 3080 Partioipio
591 2990 715 3058 οἷκοίων
745 2992 825 3057 nihil
855 2992 1039 3058 continetur
1061 2991 1123 3054 nisi
1148 2987 1303 3054 audiendi

160 3096 321 3162 notionem
344 3117 418 3163 esse
441 3117 523 3180 eam,
547 3118 632 3184 quae
654 3096 769 3178 duret3
794 3101 923 3184 ternpus
945 3097 1052 3183 ipsum
1074 3095 1126 3159 vel
1149 3092 1304 3178 temporie

159 3197 283 3286 gre-dur
306 3201 424 3286 partim
448 3221 490 3266 ex
512 3202 611 3266 uerbo
634 3198 725 3265 finito
748 3201 867 3288 partim
887 3221 929 3266 ex
947 3199 1056 3264 verbio
1078 3196 1113 3265 ἒν
1134 3199 1180 3264 τῶ
1202 3195 1305 3278 πόρος

159 3301 493 3392 χρόνῳξίιιῡοΙΙσςίιιιι.
519 3344 559 3354 -

265 3409 417 3498 Denique
439 3431 620 3479 memorare
642 3413 733 3478 volo:

179 3514 300 3602 ·Soph.
321 3515 373 3582 lli.
396 3517 469 3584 466.
492 3569 499 3583 .
523 3570 529 3583 .
552 3569 558 3584 .
581 3515 665 3583 ἄλλό
687 3515 756 3609 δῆτ’
778 3517 833 3584 ἰῶν

265 3620 344 3706 πρός
366 3619 467 3708 ἔρυμα
494 3621 618 3708 Τρῶων,
641 3621 814 3708 ξυμπεσῶν
834 3622 930 3708 μόνος
950 3621 1058 3707 μόνοις

264 3728 318 3791 καὶ
341 3729 425 3806 δρῶν
446 3753 476 3794 τι
498 3727 644 3818 χρηστόν,
666 3722 735 3795 εἶτα
756 3729 907 3796 λοίσθιον
931 3726 1046 3824 όάνωρ

161 3829 248 3913 (Non
272 3837 323 3896 eet
343 3831 405 3897 hoo
425 3831 616 3916 ferendum,
649 3840 687 3899 ut
712 3834 841 3901 virtutis
864 3833 1017 3921 praemiis
1040 3851 1156 3899 eorens
1178 3828 1212 3895 in
1234 3846 1308 3895 oon·

162 3941 309 4022 speetum
332 3937 435 4023 patrio
457 3937 608 4020 veniam).
653 3937 719 4004 Sed
741 3938 830 4024 quid,
854 3939 881 4004 si
903 3940 938 4004 in
960 3933 1082 4004 Troum
1105 3934 1308 4002 munimento

161 4041 248 4105 laeto
279 4041 403 4128 impotu
435 4043 523 4107 aolus
554 4063 626 4108 oum
658 4043 736 4108 eolis
767 4064 962 4132 congressus
986 4047 1019 4109 et
1041 4062 1162 4130 gerens
1185 4038 1308 4127 aliquid

162 4145 231 4216 niro
254 4145 390 4236 dignum
412 4145 545 4214 tandem
568 4148 712 4215 moriar?

1188 4269 1205 4326 4
