3172 4902
847 333 891 403 42

768 425 969 435 -—-......—.—-

295 541 475 610 mutatione
498 562 579 631 opus
601 563 666 610 non
689 565 761 610 esse
784 551 879 632 γαίας
912 542 1084 631 partititus
1115 549 1166 609 est
1198 544 1283 610 enim
1304 545 1360 611 ille
1385 565 1451 634 ge·

295 649 425 714 netiuus
448 656 483 715 et
504 649 546 714 ab
569 655 709 736 utroque
730 649 902 738 participio
924 648 1055 737 pendet.
1079 689 1119 700 —

339 751 435 841 Soph.
459 752 496 830 O‚
520 753 553 820 0.
578 753 671 821 1502.
692 751 737 844 μή
759 779 806 830 τις
826 751 902 830 Διὸς
924 751 1081 840 κεραυνὸς,
1104 752 1123 845 ἦ
1145 779 1192 833 τις
1215 753 1330 842 ὀμβρία

399 855 511 942 γαλαῖ
532 855 758 942 ἐπιρράξασας
781 909 788 923 .
811 914 818 928 .
844 909 850 924 .

295 961 350 1048 qui
371 961 490 1028 iterum
513 982 555 1026 ex
576 963 669 1028 vobis
692 962 868 1027 communis
891 961 1012 1028 clamor
1034 962 1167 1029 sonuit?
1188 962 1273 1029 haee
1294 961 1365 1029 lere
1390 969 1450 1029 est

196 1151 199 1159 V
294 1065 495 1153 praecedens
517 1067 690 1134 sententia.
733 1065 841 1152 Num,
870 1067 979 1154 pergit
1000 1066 1168 1150 Theseus,
1200 1065 1293 1132 Jovis
1315 1066 1449 1132 fulmen

186 1255 189 1262 Ι
295 1191 337 1235 an
368 1171 472 1237 imber
502 1172 714 1258 irrumpens.
738 1222 744 1236 .
768 1223 775 1238 .
799 1172 898 1256 (huuc
928 1171 1102 1238 clamorem
1134 1170 1274 1254 edidit)i
1325 1171 1449 1238 Facile

295 1295 337 1342 cx
351 1274 620 1343 antecedentibus
634 1277 688 1342 rel
702 1282 740 1341 ut
754 1277 875 1342 rectius
890 1274 996 1342 dicam
1012 1297 1054 1342 ex
1066 1275 1270 1343 intransitive
1281 1273 1448 1368 ,,ἦχει”εαι“

293 1380 429 1445 verbum
453 1381 659 1446 transitivum
682 1380 827 1468 suppleri
848 1385 966 1467 potest.
1022 1381 1160 1446 Sensum
1192 1385 1302 1446 eutem
1332 1401 1448 1468 neque

295 1482 471 1569 ἐπέρραξεν
491 1504 598 1570 neque
621 1481 823 1570 ἑνιιρρνίξασα
845 1481 990 1568 τυγχάνει
1012 1505 1103 1567 esse,
1135 1505 1243 1570 neque
1274 1505 1357 1573 opus
1383 1486 1448 1551 ab·

294 1594 412 1675 ruptae
434 1589 588 1655 orationis
611 1590 705 1676 signo
727 1589 908 1655 rectissime
931 1587 1104 1655 Elmsleius
1127 1593 1271 1654 annotat.
1295 1626 1335 1636 -

398 1691 475 1758 Huc
496 1693 660 1779 pertinent
681 1714 754 1759 meo
777 1692 915 1762 iudicio:

341 1795 436 1883 Soph.
460 1796 496 1864 Ο.
521 1797 667 1866 0.1281.
690 1799 732 1864 τοὶ
755 1794 861 1862 πολλοὶ
882 1796 942 1883 γάρ
964 1822 1013 1863 σοι
1035 1795 1148 1888 ῥήματ’
1173 1792 1190 1888 ἢ
1212 1797 1381 1884 νέρψαννά
1399 1823 1445 1882 τι,

402 1898 419 1993 ἢ
442 1901 669 1988 δοσχεράνανσ’
691 1899 800 1993 φωνήν
821 1906 886 1979 τοῖς
907 1899 1086 1994 α’φωνήνοις
1107 1899 1179 1968 τινά
1201 1952 1208 1967 .
1232 1952 1240 1987 ,

294 2006 351 2072 ubi
373 2005 537 2094 Antigone
559 2014 686 2095 petrem
709 2005 911 2090 adhortatur,
933 2014 970 2071 ut
987 2008 1155 2092 loquatur3
1179 2026 1254 2072 nem
1272 2027 1444 2072 sermones

295 2112 363 2176 sive
394 2111 554 2177 laetitiam
585 2113 653 2177 aive
684 2111 766 2177 iram
789 2112 857 2178 sive
880 2110 1133 2178 misericordium
1156 2115 1323 2176 moventes
1346 2131 1445 2197 prae·

295 2216 437 2281 buerunt
459 2266 466 2281 .
489 2268 496 2282 .
520 2269 526 2282 .

338 2319 416 2386 Eur.
439 2319 504 2386 Jon
528 2319 613 2387 1166
636 2373 642 2385 .
667 2373 673 2385 .
698 2342 704 2354 ·
728 2319 763 2386 ἐν
785 2317 814 2386 δ’
836 2319 958 2405 ἄκροισι
979 2317 1038 2404 βας
1060 2321 1139 2386 ποσὶ

398 2427 494 2516 κῆρυξ
516 2423 628 2490 dusius
650 2423 707 2490 τὸν
729 2423 857 2491 θέλοντ’
879 2423 1032 2510 ἐγχωρίων

400 2528 431 2605 ἐς
454 2532 551 2595 δαῖτα
573 2534 713 2614 χωρεῖν.
737 2581 743 2595 .
768 2581 774 2595 .

296 2653 435 2721 praeco,
467 2634 522 2720 qui
555 2634 687 2700 summis
718 2632 838 2720 pedum
870 2632 981 2721 digitis
1013 2630 1208 2716 insedebat,
1236 2632 1363 2697 vocavit
1397 2629 1442 2695 ad

298 2758 413 2803 cenam
437 2789 443 2803 .
467 2788 474 2802 .
499 2790 506 2804 .

339 2841 416 2908 Eur.
440 2841 493 2908 Or.
517 2842 567 2910 12.
590 2831 614 2927 ᾧ
637 2855 807 2928 στέμματα
829 2839 940 2934 §proed
964 2842 1143 2908 ἐπέκλωσεν
1165 2839 1231 2907 eccl

397 2949 472 3031 ἔριν,
494 2998 500 3012 .
525 2998 532 3013 .
556 2999 562 3012 .
585 2946 643 3012 ubi
656 2947 788 3013 Electra
809 2947 842 3012 iu
859 2946 973 3013 domus
992 2967 1074 3012 suae
1091 2947 1288 3033 genealogia
1301 2945 1441 3012 Atreum

294 3058 470 3117 memorat:
491 3051 544 3118 cui
565 3049 621 3116 fils
643 3071 724 3117 nens
748 3049 810 3117 dea
834 3048 1026 3117 discordiam
1051 3054 1135 3133 (cum
1158 3049 1304 3137 Thyeste
1326 3049 1440 3117 lrstrel

296 3155 420 3221 tribuit.

338 3259 416 3324 Eur.
426 3258 513 3324 Med.
524 3261 596 3327 627.
618 3264 728 3346 ἔρωιες
751 3258 833 3346 ὑπὲρ
854 3267 915 3344 μὲν
936 3259 1018 3344 ἄγαν
1040 3257 1193 3333 ἐλθόντες
1214 3254 1269 3321 οὐκ
1291 3255 1442 3336 εὐδοξίαν

397 3359 465 3427 οὐδ’
488 3360 607 3448 ἄρετᾶν
629 3366 821 3448 παρέδωκαν
843 3361 1017 3448 ἀνδράσιν·
1041 3417 1048 3429 .
1072 3415 1079 3429 .

292 3467 347 3532 ubi
372 3466 489 3533 chorus
512 3467 764 3556 temperantiam
796 3465 915 3532 donum
944 3466 1078 3532 deorum
1101 3463 1271 3553 praedicet
1292 3465 1442 3554 pulcher-

294 3571 429 3638 rimum:
452 3571 586 3638 nimium
610 3571 729 3638 amoris
750 3570 820 3637 viro
842 3590 905 3636 nec
926 3570 1079 3636 virtutem
1102 3589 1164 3636 neo
1190 3569 1323 3638 laudem
1341 3570 1442 3660 parit3

293 3677 486 3758 ccapsboxuc
509 3683 561 3742 est
582 3676 724 3743 aoristus
747 3676 802 3761 qui
824 3682 960 3742 vocetur
983 3673 1162 3762 gnomious.
1185 3710 1227 3723 -

337 3777 414 3846 Eur.
436 3779 534 3867 Hipp.
560 3780 652 3848 1223.
675 3779 709 3845 at
731 3776 760 3844 δ’
783 3777 973 3846 &abacorum
995 3775 1113 3863 στόμια
1135 3779 1285 3870 πυριγενῆ
1305 3777 1440 3864 γνιὶίίοις

401 3888 456 3972 βίᾳ
478 3895 636 3970 (γέρουσιν,
661 3935 668 3950 .
692 3933 699 3949 .
723 3934 730 3948 .

293 3989 350 4058 ubi
372 3987 534 4073 ἑξάγγελος
556 3993 686 4072 namet,
717 3985 879 4075 quomodo
900 3988 1101 4076 Hippolytus
1134 3988 1286 4076 perierit:
1319 3989 1436 4076 iugens

296 4113 396 4188 equos
418 4113 520 4185 paror
541 4092 693 4188 incessit3
716 4093 809 4164 bens
832 4091 1018 4166 mordentes
1041 4091 1198 4166 feruutur.
