3172 4902
811 310 855 406 le

364 542 457 622 δόλος
479 536 518 636 ἦν
540 543 559 611 d
581 542 717 633 φράσας,
739 543 808 632 ἔρος
831 545 848 612 ὁ
869 552 1002 631 κτείνας,

417 649 526 718 δεινὰν
548 655 655 729 δεινῶς
676 651 958 738 προφυτεύσαντες

364 753 501 878 μορφάν,
523 757 586 821 εἴτε
608 745 666 823 οὖν
686 755 765 834 θεὸς
786 758 850 823 εἴτε
870 761 992 846 βροτῶν

417 884 456 944 νν
479 857 497 924 ὁ
519 863 624 928 ταῦτα
646 860 804 948 πράσσων
826 917 834 932 .
857 913 865 946 ,

261 962 378 1028 choms
412 965 566 1030 extremis
600 965 708 1031 verbis
738 964 891 1032 Electrae
922 965 1033 1032 caedis
1065 964 1206 1030 monitus
1240 983 1313 1028 eam
1344 962 1408 1028 sibi

258 1073 503 1153 repraesentat:
534 1068 638 1135 Dolus
662 1072 861 1157 excogitavit
884 1068 1066 1152 (caedem),
1099 1067 1226 1156 Cupido
1256 1069 1408 1155 patrarit,

259 1170 441 1238 horrificam
462 1173 612 1240 horrifice
635 1174 770 1240 formam
793 1180 1013 1261 procreantes,
1036 1174 1105 1240 sive
1127 1171 1210 1240 dous
1233 1173 1302 1238 sive
1323 1192 1408 1237 mor·

259 1276 373 1342 talium
395 1278 468 1364 quis
491 1285 563 1344 erat
584 1280 640 1365 qui
662 1277 742 1345 illud
764 1279 850 1346 fecit.

364 1380 400 1448 si
421 1389 520 1471 poeta
542 1384 703 1450 actionem
726 1383 911 1472 significare
932 1383 1091 1451 voluisset
1108 1383 1282 1448 durantem
1298 1382 1352 1449 rel
1368 1401 1406 1445 se

261 1486 497 1573 explicantem,
530 1507 602 1552 eum
634 1509 692 1576 pro
724 1488 906 1576 participiis
938 1487 1050 1554 acristi
1080 1485 1208 1574 φράσος
1229 1494 1264 1554 st
1284 1491 1406 1561 κτείνας

260 1597 436 1679 praesente
469 1599 615 1680 tempore
652 1595 701 1659 nti
742 1592 898 1660 debuisse
937 1613 980 1660 cx
1015 1593 1115 1660 verbo
1152 1599 1268 1679 postea
1299 1591 1405 1678 posito

261 1695 449 1784 (πράσσων)
471 1698 681 1786 intellegitur.
737 1698 805 1766 Sed
837 1699 915 1766 mihi
946 1697 1075 1764 videtur
1099 1719 1141 1765 ex
1163 1697 1297 1765 consilio
1318 1697 1406 1762 illam

260 1800 401 1867 durandi
419 1804 584 1869 notionem
606 1803 765 1887 omisisse,
787 1809 824 1868 ut
846 1803 966 1870 aoristo
989 1803 1151 1869 actionem
1173 1802 1278 1890 magis
1299 1808 1407 1868 osten·

260 1904 355 1972 deret
386 1912 487 1992 atque
518 1907 705 1973 illustraret.
759 1904 1044 1994 Προφοτεύοαντες
1076 1907 1108 1975 in
1138 1924 1405 1973 numerosorum

260 2010 503 2098 participiorum
526 2017 595 2094 est,
622 2010 804 2098 dequibus
828 2032 927 2099 supra
950 2011 1112 2098 copiosius
1135 2011 1320 2098 disputari,
1351 2029 1406 2076 ex·

259 2114 370 2200 primii
392 2114 477 2181 enim
498 2136 568 2182 rem
590 2115 818 2184 secundariam
844 2136 918 2183 curn
945 2116 1072 2184 actione
1107 2116 1262 2204 primaria
1293 2117 1407 2180 arctis·

260 2217 342 2284 sime
368 2219 575 2286 coniunctam
607 2240 650 2286 ex
681 2240 786 2307 eaque
816 2227 1011 2286 manantem.
1066 2219 1159 2296 Quod
1182 2221 1210 2285 si
1232 2220 1305 2307 quis
1327 2219 1406 2284 talia

260 2343 319 2410 per
342 2322 618 2392 coordinationem
640 2325 931 2412 interpretaretur,
964 2331 1075 2391 contra
1103 2325 1318 2393 subtilitatem
1341 2324 1405 2390 ele·

258 2426 474 2515 gantiamque
496 2427 644 2496 Graecae
666 2429 800 2517 linguae
822 2435 945 2517 ageret.

677 2749 887 2768 t·—
740 2752 745 2756 ¹
761 2751 780 2756 ““
792 2751 815 2756 “”
890 2750 986 2769 -.-.=

364 3021 445 3090 (lum
474 3023 508 3089 iu
540 3023 587 3089 eis
618 3042 700 3110 quos
730 3021 839 3089 adbuc
869 3021 1056 3088 enumerari
1087 3021 1166 3087 locis
1198 3021 1405 3110 participium

258 3126 371 3193 aoristi
392 3147 451 3214 pro
472 3127 643 3214 participio
664 3129 848 3214 praesentis
881 3126 1022 3214 positum
1054 3144 1127 3191 csse
1157 3124 1260 3190 videri
1291 3126 1406 3212 possit,

258 3231 404 3298 sednon
426 3232 567 3318 positum
599 3231 660 3315 sit,
691 3232 725 3296 iu
756 3232 911 3318 proximis
943 3231 1101 3317 exemplis
1135 3230 1289 3296 nonnulla
1310 3251 1407 3318 prac-

258 3338 362 3404 sentis
383 3337 556 3424 participia
577 3337 776 3403 enumerabo
799 3343 899 3423 atque
921 3337 1100 3418 illustrabo,
1123 3356 1209 3423 quae
1233 3335 1276 3400 ad
1293 3336 1408 3402 coristi

259 3441 421 3530 participii
441 3441 503 3508 vim
522 3438 679 3508 accedere
696 3440 878 3507 rideantur.
923 3439 985 3516 Qui
1005 3448 1113 3507 autem
1132 3441 1315 3508 accuratius
1337 3459 1405 3506 rem

258 3546 472 3634 quaesiverit,
504 3546 647 3613 inveniet
676 3551 714 3611 ut
741 3546 807 3611 ibic
838 3545 950 3611 acristi
981 3545 1027 3609 ita
1048 3543 1101 3610 hic
1123 3547 1303 3632 praesentis
1326 3553 1407 3612 tenr-

259 3652 347 3740 poris
370 3651 577 3740 participium
600 3657 676 3738 apte
698 3655 889 3738 usurpatum
915 3670 997 3717 csso.

361 3756 470 3822 Huius
494 3757 593 3845 igitur
615 3755 769 3841 temporis
792 3755 957 3844 participii
979 3773 1073 3820 usum
1100 3755 1149 3820 ita
1171 3753 1364 3842 Kruegerns
1377 3755 1404 3840 ¹)

258 3859 390 3949 quidem
412 3859 536 3946 definit,
559 3867 597 3926 ut
618 3880 704 3946 quae
727 3857 842 3926 codem
861 3867 1010 3948 tompore
1026 3858 1108 3925 fiant
1129 3879 1194 3947 quo
1217 3859 1301 3926 actio
1324 3865 1404 3924 tem·

258 3965 346 4054 poris
376 3965 459 4033 finiti
494 3963 719 4054 significentur
748 3965 798 4032 nel
830 3971 866 4030 ut
900 3965 1002 4053 ipsius
1033 3964 1142 4030 verbis
1172 3969 1268 4030 utar:
1309 3962 1403 4048 ,dem

366 4122 387 4194 ¹)
405 4121 572 4194 Krneger,
591 4125 607 4193 ᾗ
623 4121 667 4190 bd,
687 4121 728 4178 10.
