3172 4902
288 545 370 622 quos
393 531 499 602 adbuc
521 535 697 601 memoravi
718 534 797 600 locis
819 534 1024 622 participium
1048 531 1230 622 appositive
1257 554 1354 621 quem
1387 531 1439 599 di-

290 646 368 704 cunt
398 661 460 705 usu
492 661 565 705 cum
597 640 697 705 verbo
728 638 818 705 finito
849 640 1056 705 coniunctum
1080 645 1139 704 est.
1183 637 1303 703 Restat
1323 640 1437 725 igitur,

290 752 327 809 ut
349 745 502 810 nonnulla
523 763 646 832 genera
670 742 806 826 addam,
838 744 956 829 quibus
978 743 1090 809 coristi
1112 743 1319 831 participium
1342 763 1438 828 praa-

290 848 390 914 dicati
421 848 508 936 qnod
539 856 657 916 vocant
690 869 823 914 munere
855 849 1009 935 iungitur.
1061 848 1113 915 Ac
1142 847 1282 934 primum
1303 847 1437 934 quidam
1562 843 1563 924 J

290 954 355 1018 buc
377 954 482 1019 resero
506 973 561 1019 eos
582 953 681 1037 locos,
702 953 760 1018 ubi

396 1201 423 1246 e.
440 1181 575 1246 verbo
594 1179 729 1244 finito
750 1178 932 1265 aliquod
952 1177 1168 1245 iudicium
1187 1177 1233 1245 de
1249 1178 1433 1244 actione

292 1284 584 1373 participiali
604 1284 808 1349 affertur.
829 1284 886 1349 His
903 1284 1082 1371 participiis
1100 1284 1212 1350 coristi
1230 1305 1294 1350 nou
1313 1281 1436 1371 signiti-

292 1390 361 1455 cari
376 1387 499 1476 aliquid
513 1388 604 1477 prius
619 1386 772 1454 incidisse
787 1386 883 1454 tacite
898 1397 1046 1475 apparet,
1056 1389 1208 1476 quoniam
1222 1408 1290 1455 una
1305 1387 1434 1454 omnino
1562 1443 1563 1482 p

293 1495 377 1560 actio
400 1493 600 1581 exprimitur.
654 1490 764 1566 Quare
795 1493 870 1558 huic
900 1494 1143 1582 participiorum
1173 1492 1287 1581 generi
1310 1493 1340 1558 ei
1363 1493 1434 1581 ipsi,

292 1599 347 1686 qui
370 1598 541 1686 participio
563 1597 676 1664 aoriati
699 1599 859 1664 actionem
883 1598 998 1684 prioris
1020 1600 1174 1685 temporie
1196 1598 1354 1665 contineri
1385 1618 1435 1664 sc·

292 1705 360 1772 lere
373 1701 592 1788 voluntidem
610 1709 739 1789 tempus
757 1701 934 1790 significari
952 1701 1136 1770 concedunt
1151 1701 1390 1790 utKruegerua
1401 1702 1435 1786 ¹),

292 1806 351 1874 sed
380 1807 433 1874 bic
463 1808 555 1875 verbi
585 1807 670 1872 finiti
699 1806 855 1872 aoristum
886 1808 1084 1893 praesumit,
1114 1807 1202 1874 unde
1233 1807 1331 1876 tacita
1350 1806 1436 1874 talea

291 1913 399 2000 opinio
432 1910 517 1978 effici
549 1917 657 1999 potest
688 1908 829 1996 quadam
861 1909 1061 1978 adverbum
1091 1911 1219 1979 finitum
1240 1911 1436 1979 attractione

290 2019 396 2104 ipsum
419 2016 624 2104 participium
647 2035 719 2082 cum
741 2016 862 2082 aoristo
884 2016 975 2082 strui.
1028 2014 1154 2091 Quibus
1176 2036 1254 2084 vero
1276 2015 1436 2103 exemptio

291 2123 378 2189 bunc
399 2142 495 2188 usum
517 2121 678 2210 participii
702 2121 874 2188 illustrabo
896 2122 1067 2209 apparebit
1094 2122 1301 2210 participium
1323 2120 1436 2188 coristi

292 2249 357 2294 non
380 2227 484 2294 solnm
506 2227 597 2294 verbi
618 2225 701 2292 finiti
723 2226 890 2312 curiatum,
918 2225 978 2293 sed
1000 2226 1170 2313 quodlibet
1191 2234 1320 2316 tempus
1344 2227 1436 2314 sequi

293 2339 327 2400 et
358 2351 423 2399 non
455 2333 558 2399 solum
590 2330 800 2417 praeteritam
832 2351 919 2415 ram,
954 2331 1013 2396 sed
1046 2331 1144 2397 stiam
1176 2329 1436 2422 incidentemeo

292 2436 477 2526 significari.

397 2540 474 2606 Jam
495 2541 557 2607 loci
579 2545 778 2626 sequantur:

336 2646 454 2713 Aescb.
477 2643 569 2712 Eum.
593 2643 666 2712 927.
688 2642 760 2710 τάδ’
782 2641 841 2730 ἐγώ
864 2643 1049 2734 προφρόνως
1069 2648 1176 2712 τοῖσδε
1198 2645 1344 2722 πολίταις

397 2747 545 2836 πράσσω,
566 2747 707 2835 μεγάλας
728 2752 780 2816 καὶ
803 2753 1017 2836 δυσαρέστους

397 2859 552 2940 δαίμονας
573 2851 674 2921 αὐτοῦ
695 2864 965 2944 κατανασσαμένη
987 2906 993 2921 .
1017 2905 1025 2939 ,

293 2961 354 3026 boc
376 2980 448 3047 ego,
471 2960 519 3025 ait
540 2958 702 3045 Minerva,
734 2959 961 3027 benevolentia
984 2959 1082 3026 ducta
1102 2959 1193 3025 bisce
1216 2959 1340 3027 civibus
1362 2980 1437 3047 ago,

293 3073 518 3153 utmagnus.
541 3116 548 3130 .
571 3064 651 3132 deas
669 3065 872 3132 constituam.
917 3063 1130 3151 Perspicuum
1153 3069 1204 3129 est
1224 3065 1436 3150 praeteritam

293 3171 452 3236 actionem
475 3170 648 3257 participio
669 3190 732 3236 non
765 3167 958 3258 significari3
991 3168 1107 3254 prioris
1137 3175 1247 3235 autem
1281 3167 1436 3256 temporis

294 3295 362 3341 rem
385 3274 556 3361 participio
579 3275 717 3362 exprimi
739 3272 790 3338 bis
812 3273 891 3340 locis
914 3294 977 3340 nco
1001 3291 1098 3361 posse
1124 3273 1189 3338 iam
1216 3272 1292 3339 inde
1320 3272 1437 3354 clucet,

293 3377 380 3465 quod
400 3399 468 3445 oua
490 3379 620 3446 omnino
643 3379 727 3445 actio
749 3376 877 3445 duobus
899 3378 1007 3445 serbis
1030 3378 1224 3444 continetur.
1247 3413 1288 3426 --

337 3499 434 3588 soph.
456 3498 495 3567 0.
518 3497 552 3566 C.
575 3501 647 3568 853.
670 3496 817 3567 ὁθούνεκ’
837 3497 937 3566 αὐτον
958 3497 1032 3566 οὔτε
1054 3501 1113 3566 νῦν
1133 3497 1216 3565 καλοὶ

398 3607 477 3695 δρᾷς
498 3602 571 3672 olive
593 3601 743 3692 πρόσθεν
764 3602 896 3690 εἰργάσω
918 3607 972 3692 βίᾳ
994 3603 1103 3689 φίλων,

398 3707 473 3798 ὀργῇ
493 3707 585 3794 χάριν
607 3707 690 3793 dolf,
712 3705 732 3800 ἦ
753 3707 783 3776 σ’
805 3707 855 3775 ἀεὶ
876 3710 1071 3793 λυμαίνεται.
1094 3759 1102 3792 ,

294 3811 394 3881 αὐτὸν
424 3835 482 3901 pro
514 3813 649 3881 σεαυτὸν
679 3813 821 3900 positum
854 3823 924 3897 σοις
954 3811 1010 3878 cir.
1041 3811 1204 3880 Matthiae
1235 3813 1358 3898 5489,
1392 3811 1436 3898 ll,

293 3919 351 3986 ubi
373 3919 468 4006 plura
492 3917 651 3985 eiusmodi
674 3919 826 4006 exempla
848 3915 1038 3984 offeruntur.
1062 3953 1101 3966 -

403 4111 422 4182 ¹)
441 4110 605 4182 Kruegea
624 4115 640 4182 fi
657 4111 700 4180 56,
717 4109 743 4167 8.
