3172 4902
761 367 970 472 „22—

398 581 497 670 Apud
521 579 712 668 Sophoclem
734 600 843 662 unum,
866 578 922 665 qui
943 579 1008 643 hue
1031 583 1167 666 speetet,
1188 579 1294 646 loeum
1313 575 1436 662 inveni3

294 691 323 755 is
347 701 396 754 eet
419 686 534 754 Traoh.
559 686 661 754 1025:

398 813 478 899 τάδε·
500 836 541 896 με
562 811 643 897 τᾷδε
664 834 704 893 με
726 807 892 894 πρόσλαβε
914 813 1074 893 νοσφίσας.
1097 859 1105 894 ‚

294 934 350 999 ubi
373 934 513 999 moriens
536 930 697 997 Hercules
721 951 763 996 ex
785 929 851 996 lilio
873 931 970 1016 petit,
1001 935 1039 995 ut
1068 939 1168 995 manu
1200 929 1437 1017 apprehendam

296 1038 465 1125 participio
499 1057 552 1101 res
586 1035 781 1102 secundario
813 1033 1004 1121 exprimitur
1033 1033 1215 1100 arctissime
1243 1054 1315 1100 eum
1338 1033 1438 1099 verbo

296 1141 385 1208 linito
408 1159 533 1207 eonexa
557 1160 598 1205 ex
621 1157 724 1226 eoque
747 1159 894 1204 manens.
918 1177 958 1187 —-

402 1262 532 1328 Minoris
555 1261 709 1326 momenti
733 1265 792 1342 eet,
815 1259 901 1346 quod
922 1260 1043 1347 legitur
1066 1259 1188 1326 ibidem
1215 1260 1311 1328 1228:

452 1387 573 1450 πιδοῖ·
595 1381 633 1449 τό
655 1382 715 1468 γάρ
735 1406 786 1448 τοι
807 1381 930 1466 μεγάλα
953 1380 1160 1450 πιστεύσαιτ’
1183 1381 1254 1468 ἐμοὶ

528 1492 667 1573 σμικροῖς
689 1485 839 1554 άπιστεῖν
859 1484 918 1579 τὴν
939 1485 1043 1574 πάρος
1064 1492 1175 1571 omer
1189 1486 1289 1573 χάριν.
1313 1540 1321 1572 ,

296 1632 434 1697 quocum
457 1611 643 1677 conferetur
665 1610 761 1698 Soph.
784 1608 822 1676 Ο.
845 1609 879 1676 0.
904 1609 997 1677 1211.
1021 1649 1060 1658 -

339 1751 457 1818 Aesch.
469 1751 561 1817 Eum.
576 1751 648 1818 622.
671 1749 758 1834 Ζεδς,
781 1749 821 1828 ὠς
842 1752 938 1836 λέγεις
956 1749 1005 1828 ori,
1027 1749 1121 1817 τόνδε
1138 1748 1280 1838 χρησμόν
1297 1749 1439 1834 ὤπασεν,

400 1853 532 1942 ρράζειν
553 1853 681 1944 Ὀρέστῃ
703 1857 793 1940 τῷδε,
814 1853 872 1921 τόν
893 1854 1014 1940 πατρός
1035 1855 1136 1940 φόνον

401 1958 570 2044 πράξαντα
592 1958 709 2048 μητρός
730 1962 882 2048 μηδαμοῦ
902 1958 996 2045 τιμάς
1017 1969 1131 2044 νέμειν.
1155 2011 1162 2044 ,

297 2081 419 2147 oraeuli
441 2080 562 2146 dietum
585 2089 712 2148 constet
730 2103 772 2148 ex
791 2082 841 2148 hie
860 2081 988 2148 duobus
1009 2082 1173 2171 pertibus:
1195 2082 1295 2170 ρόνον
1316 2079 1440 2168 πατρός

298 2185 466 2270 πράσσειν,
496 2185 613 2274 μητρός
634 2190 788 2275 μι,δαμοῦ
808 2185 903 2272 τιμάς
925 2191 1043 2272 νέμειν,
1077 2184 1135 2252 sed
1167 2187 1228 2252 hoe
1258 2187 1344 2269 loeo,
1375 2206 1439 2272 quo

298 2290 432 2357 Orestes
454 2312 587 2356 oausam
611 2291 689 2356 dicit
712 2290 753 2357 do
776 2291 965 2370 metrieldio,
986 2312 1053 2358 uno
1075 2299 1202 2357 tentum
1224 2292 1325 2357 verbo
1347 2290 1439 2356 finito

298 2398 428 2480 (littere)
453 2397 658 2481 exprimitur,
686 2396 790 2461 altera
818 2397 987 2483 participio
1012 2396 1207 2482 (πράξαντα)
1231 2396 1439 2482 significatur.

341 2535 461 2600 Aeeeh.
483 2535 574 2601 Pers.
605 2536 669 2602 llil.
694 2587 700 2601 .
723 2587 730 2600 .
754 2588 761 2602 .
784 2535 815 2612 ἐς
837 2535 867 2602 δ’
891 2535 971 2620 όμάς
993 2537 1054 2619 δρῶ

401 2644 521 2724 μῦθον,
543 2637 690 2724 οὐδαμοῖς
713 2639 850 2731 ἐμαντὴς
872 2630 941 2707 orio'
963 2639 1163 2725 άδελμαντος,
1186 2641 1280 2726 ullor,

404 2740 448 2834 ter}
470 2746 567 2827 μέγας
588 2743 728 2822 πλοῦτος
750 2751 876 2822 κονίσας
897 2734 994 2824 οόδας
1016 2743 1160 2833 ἀντρέψῃ
1183 2747 1261 2811 ποδλ

404 2845 507 2930 ὄλβον,
530 2899 536 2912 .
560 2899 567 2913 .
591 2899 597 2914 .
620 2849 677 2914 ubi
699 2847 955 2933 Heimsoethiue,
977 2869 1073 2936 quem
1097 2848 1284 2914 Diodorfiue
1307 2855 1438 2914 secutus

300 2956 359 3035 est,
382 2959 470 3017 reete
494 2973 566 3017 meo
587 2950 706 3018 iudieio
728 2953 867 3018 mutavit
889 2953 922 3018 in
941 2953 1064 3037 δαίμων
1082 2953 1275 3020 vooobulum
1295 2955 1440 3030 πλοῦτος.

343 3071 419 3138 Eur.
442 3071 497 3138 Or.
520 3073 592 3141 987.
615 3073 646 3141 οἳ
665 3078 811 3141 κατεῖδον
832 3073 919 3158 άτας,
1020 3095 1024 3102 ·

406 3181 519 3262 Πέλοψ
541 3177 640 3246 όπότε
662 3179 816 3263 πελάγεσι
838 3182 1045 3266 detorquear,
1068 3183 1233 3267 Μυρτίλον
1255 3180 1356 3270 πόνον

405 3283 500 3349 δικών
521 3283 552 3360 ἐς
574 3278 671 3368 οἶδμα
694 3283 824 3368 πόντον,

300 3408 508 3492 (genitores),
542 3409 596 3492 qui
619 3408 824 3474 calamitates
847 3406 1016 3490 viderunt,
1048 3429 1121 3473 eum
1145 3406 1265 3494 Pelops
1287 3407 1441 3494 fluetibus

300 3510 518 3578 adveheretur
546 3513 671 3579 ieoiens
694 3512 870 3597 (lauturus)
892 3511 1034 3578 oeeirum
1065 3510 1234 3599 Myrtilum
1258 3562 1264 3576 .
1288 3563 1294 3576 .
1318 3563 1324 3576 .
1368 3511 1443 3578 Hoo

298 3614 378 3700 loeo,
402 3636 496 3704 quem
520 3617 583 3683 iem
607 3637 706 3702 supro
728 3616 847 3682 efferre
869 3615 971 3701 potui,
1001 3617 1106 3702 primo
1127 3615 1247 3680 intuitu
1272 3622 1443 3702 exsperte-

300 3721 443 3787 rerimur
470 3719 569 3788 ὁπότε
597 3719 824 3806 διαδισρεόοας
850 3717 939 3786 ἔδικε.
995 3720 1041 3786 At
1073 3721 1172 3786 etiem
1202 3719 1254 3785 hie
1285 3721 1441 3806 primarie

299 3827 387 3890 aetio
411 3825 519 3912 posito
543 3832 594 3890 ert
615 3825 649 3890 in
671 3825 771 3890 verbo
792 3823 884 3890 linito
906 3826 1112 3910 διεδίρρεοοε,
1139 3822 1228 3910 quod
1249 3824 1441 3912 intellegen-

300 3929 377 3994 dum
400 3939 452 3995 eet
474 3929 517 3996 de
530 3928 662 4016 Pelopis
680 3949 753 3994 eum
771 3926 938 3994 Oenomao
959 3931 1153 4012 eertomine;
1176 3927 1297 3996 eredes
1318 3928 1441 4017 Myrtili

301 4041 352 4100 eet
373 4032 570 4101 eeoundorie
590 4053 644 4099 rer
668 4032 849 4100 eretirsimo
874 4053 947 4100 eum
978 4035 1034 4104 ille
1060 4035 1239 4103 eertomirre
1271 4035 1442 4102 coniuret·

300 4136 441 4225 indeque
463 4137 681 4227 profioieeeue.
704 4175 743 4189 -
