3172 4902
784 323 823 397 9.

225 559 345 627 pancos
364 541 454 608 looos
477 561 496 607 e
517 539 618 608 variis
640 541 851 630 soriptoribus
883 541 1005 629 petitos
1041 540 1161 608 afferre
1191 543 1271 612 mihi
1301 545 1371 612 liei·

224 649 291 712 tnm
314 647 364 712 sit.

267 749 343 817 Eur.
358 750 440 820 Hoo.
455 751 527 819 231.
573 748 657 836 na’yoi
679 749 738 838 γὰρ
760 749 816 818 οὐκ
840 749 999 840 ἔθνησκον
1016 738 1054 817 οὗ
1075 750 1109 838 μ’
1131 751 1225 846 ἐχρῆν
1242 758 1367 840 θανεῖν,

328 851 397 921 οὐδ’
419 853 536 924 ditando
557 883 598 943 με
621 855 709 942 Zetis,
732 909 739 922 .
761 914 768 929 .
794 908 801 925 .

267 958 363 1026 Hom.
373 957 432 1044 Od.
443 959 485 1038 V,
500 961 551 1029 94.
574 961 678 1046 αι’ποὶρ
692 961 710 1028 ὁ
723 967 797 1030 πῖνε
810 964 863 1029 καὶ
878 951 963 1054 ἦσθε
978 960 1141 1049 διάκτορος
1150 959 1367 1052 Ἀργειφόντης.

267 1061 368 1129 Thuo.
391 1062 451 1148 lv,
476 1067 503 1132 1.
547 1055 647 1158 ἧρξαν
668 1065 836 1159 τριήκοντα
858 1065 940 1135 ἔτεα.

267 1166 366 1234 Pans.
389 1167 450 1252 IX,
473 1170 502 1250 6,
526 1172 554 1237 1.
599 1174 734 1255 συνεχῶς
756 1174 833 1239 δέκα
855 1169 958 1241 ἔτεσιν
980 1169 1194 1260 ἐπολέμησαν.

273 1323 277 1332 .
329 1270 439 1347 Quare
461 1293 520 1339 suo
543 1275 613 1340 iure
636 1273 768 1342 Curtius
780 1276 803 1362 ¹)
827 1276 923 1361 dioit‚
955 1276 1024 1343 sive
1055 1275 1244 1365 imperfeato
1266 1274 1368 1342 ἐποίει

183 1367 192 1372 ’
224 1377 294 1443 sire
311 1376 433 1443 aoristo
447 1376 598 1467 ἐποίησεν
613 1380 704 1466 operi
723 1381 956 1466 subscriberet,
971 1401 1034 1448 non
1053 1380 1187 1447 artifieio
1205 1380 1368 1462 retulisse,

224 1487 382 1568 quantum
412 1483 570 1571 temporis
601 1482 833 1571 impendisset,
865 1484 925 1551 sed
955 1491 993 1550 nt
1023 1490 1081 1550 aut
1103 1505 1140 1551 so
1163 1505 1237 1552 asse
1259 1484 1367 1572 operis

225 1592 392 1653 auotoram
414 1595 473 1653 aut
493 1587 636 1655 laborem
660 1608 858 1678 operamque
881 1589 1089 1677 signifiearet.

329 1688 394 1756 Sed
417 1691 481 1756 iam
503 1689 546 1758 ad
568 1691 658 1758 aliud
680 1695 854 1761 verborum
877 1715 983 1782 genus
1006 1699 1147 1761 transeo.

328 1883 358 1950 b.
381 1883 636 1974 Partioipia
659 1887 824 1953 aoristi
847 1888 1039 1954 averbis
1057 1887 1193 1955 animi
1211 1886 1369 1970 derivata,

223 1989 380 2077 pleraque
402 1989 525 2056 causali
546 1991 578 2055 ri
599 1991 768 2058 instrnota.

331 2093 406 2180 Ipso
439 2093 502 2161 hoo
537 2095 780 2182 partieipiorum
809 2117 931 2184 genere
963 2118 1017 2163 res
1045 2094 1240 2164 seeundaria
1270 2095 1370 2182 signi-

225 2194 350 2280 ficatur,
373 2217 458 2284 quae
481 2217 553 2264 oum
571 2200 725 2285 primaria
744 2201 828 2266 aetio
847 2180 960 2267 insidit
976 2201 1079 2288 primo
1097 2201 1227 2289 quidem
1246 2206 1368 2288 punoto

224 2302 411 2389 praeteriit,
447 2305 564 2370 ueteris
601 2307 710 2370 autem
747 2304 918 2372 momentis
951 2304 1070 2372 durans
1102 2304 1276 2393 eogitanda
1309 2311 1367 2371 est.

224 2403 335 2493 Atque
366 2407 477 2472 aoristi
513 2407 643 2494 quidem
675 2409 846 2496 partieipio
882 2416 1001 2497 poetae
1038 2410 1172 2497 tragini,
1209 2416 1367 2496 quantum

225 2509 376 2597 equidem
397 2511 584 2595 invenerim,
608 2513 739 2599 saepius
762 2533 860 2599 quam
881 2515 1064 2601 praesentis
1085 2515 1137 2580 usi
1160 2521 1249 2600 sunt3
1281 2513 1367 2602 quod

224 2634 290 2681 non
312 2621 363 2680 est
384 2608 585 2700 mirandum,
617 2637 690 2682 oum
711 2617 876 2704 plerisque
899 2619 977 2685 loeis
999 2621 1163 2686 notionem
1185 2620 1367 2707 exprimere

200 2718 421 2794 ‚inoidsntem
459 2719 608 2789 sufficiat.
648 2720 771 2804 ‚Cuius
811 2723 1055 2812 participiorum
1094 2725 1225 2812 generis
1261 2745 1367 2812 pauoa

226 2824 377 2914 exempla
397 2825 613 2914 gravioraque
636 2847 833 2894 memorasse
855 2828 936 2895 satis
959 2829 1031 2898 erit.

236 2925 240 2934 ⁸
268 2929 387 2997 Aesoh.
409 2929 501 2997 Pers.
523 2932 597 2998 824.
619 2984 626 2998 .
650 2985 656 2998 .
680 2985 687 2998 .
708 2935 794 3021 μηδέ
812 2959 859 3011 τις

137 3036 140 3044 ’
330 3033 574 3130 ὑπερφρονήσας
594 3034 653 3104 οόν
674 3036 823 3123 παρόντα
845 3041 984 3123 δαίμονα

329 3138 435 3209 ἄλλων
457 3139 609 3230 ἐρασθεὶς
630 3140 726 3228 ἀ’λβον
747 3141 836 3233 ἐκχεζη
856 3154 966 3229 μέγαν,

328 3244 423 3314 Haeo
442 3247 616 3335 partieipia
637 3268 704 3314 non
726 3248 970 3316 reordinatione
991 3247 1165 3315 ooniuneta
1188 3254 1277 3334 sunt,
1310 3249 1368 3314 sed

225 3348 382 3442 ἐρασθεὶς,
411 3351 618 3418 subiunotum
654 3352 701 3417 illi
738 3353 825 3419 illius
857 3373 991 3420 oausam
1025 3351 1126 3420 addit.
1185 3353 1368 3440 Utrumque

225 3462 334 3522 autem
358 3455 563 3544 partieipium
586 3457 706 3524 aoristo
727 3459 782 3546 qui
804 3459 922 3525 dieitur
942 3457 1124 3546 ingressive
1155 3456 1369 3524 adnumeran-

226 3558 303 3626 dum
326 3581 400 3628 asse
423 3568 509 3648 puto.
555 3559 756 3649 Quamquam
783 3563 873 3630 haud
903 3583 977 3630 raro
1008 3560 1078 3629 fieri
1108 3562 1181 3651 ipse
1212 3563 1259 3628 ait
1290 3560 1368 3628 (inr-

226 3665 341 3751 tius²)‚
372 3672 409 3731 ut
431 3664 495 3732 duo
518 3666 631 3732 aoristi
653 3688 777 3754 genera
799 3674 889 3734 oerto
911 3672 1129 3753 eoonrateque
1151 3665 1290 3733 disserui
1312 3686 1368 3732 ne·

225 3777 348 3858 queant
359 3791 465 3858 neque
475 3769 652 3858 quidquam
661 3772 724 3837 nisi
734 3773 890 3860 temporis
899 3778 1053 3861 punotum
1063 3777 1263 3840 monstretur
1279 3770 1368 3835 nulla

225 3875 309 3942 alius
332 3875 468 3942 aetionis
489 3876 603 3942 habits
624 3876 760 3943 ratione.
814 3875 923 3952 Quare
946 3878 1122 3944 benevolus
1145 3877 1174 3943 is
1197 3877 1252 3963 qui
1278 3875 1368 3962 leget

225 3991 536 4004 —.-.———-·—.

333 4029 353 4101 ¹)
373 4029 519 4101 curtius,
537 4031 646 4102 Erltut,
663 4048 723 4104 pag.
743 4032 793 4089 181
812 4049 839 4090 u.
859 4032 918 4091 182.

329 4123 350 4189 ²)
370 4118 515 4191 (iustius,
532 4119 642 4191 nnat,
659 4137 719 4194 pag.
737 4121 797 4178 186.
