3172 4902
839 319 881 416 nd

391 553 603 646 Participium
626 561 710 645 δρῶν
730 557 922 624 vertendum
955 578 1028 624 esse
1060 577 1197 644 ,gersus
1227 558 1280 624 rel
1309 557 1344 623 iu
1376 575 1434 643 ga·

286 663 420 747 rendot',
449 671 487 730 ut
516 666 621 752 patrio
653 685 800 730 sermone
830 673 923 748 utar,
957 664 1035 746 ,mit
1057 661 1116 728 der
1138 661 1434 748 Austsrhrungtbe·

286 769 452 856 scheitigt,
472 769 633 856 begriffen
651 770 684 833 in
702 769 760 834 der
777 769 1023 856 Ausfdhrung“,
1037 768 1244 855 perspicuum
1263 774 1322 833 est
1344 765 1432 830 Nam

286 875 314 938 si
345 873 522 960 perfectam
563 875 810 960 absolutamque
850 874 1012 966 actionem
1053 873 1235 958 exprimere
1272 871 1433 936 voluisset

285 987 392 1063 poeta,
411 978 614 1071 participium
632 980 768 1065 perfecti
786 980 958 1065 posuisset.
990 977 1169 1064 Participio
1188 977 1301 1042 aoristi
1319 981 1430 1041 autem

285 1083 370 1156 actio
393 1083 583 1169 simpliciter
604 1082 749 1148 incidens
773 1091 807 1148 ot
829 1085 860 1147 in
883 1103 982 1147 unum
1006 1082 1089 1168 (sive
1107 1083 1245 1168 primum
1265 1082 1335 1146 eive
1352 1080 1429 1145 ulti·

283 1192 381 1270 mum)
413 1195 567 1276 punctum
601 1194 769 1254 contracta
804 1189 1003 1274 exprimitur.
1060 1187 1149 1273 Ergo
1180 1188 1235 1272 qui
1267 1186 1429 1252 actionem

282 1289 402 1357 durare
425 1292 609 1379 significare
631 1295 709 1376 vult,
731 1294 915 1380 praesentis
938 1294 1108 1380 participio
1130 1312 1204 1357 eum
1225 1292 1275 1356 uti
1292 1309 1430 1356 necesse

283 1402 341 1461 est.
386 1395 509 1471 Quodsi
532 1399 605 1484 quis
627 1400 780 1465 verterit:
803 1420 915 1486 geram
939 1398 1135 1485 tandemque
1158 1397 1286 1480 moriar,
1317 1394 1427 1462 idest

281 1500 524 1567 coordinatione
547 1501 785 1568 adhibituram
807 1505 1053 1591 interpretetur,
1084 1522 1149 1567 non
1171 1509 1261 1569 recte
1281 1489 1360 1568 meo
1376 1500 1426 1565 iu·

282 1603 366 1670 dicio
388 1606 502 1691 vertit3
534 1627 608 1671 nam
640 1608 743 1672 solum
774 1608 859 1674 actio
890 1607 1084 1674 secundaria
1115 1607 1247 1672 minoris
1270 1605 1424 1671 momenti

279 1730 375 1795 quam
393 1712 479 1776 aetio
496 1712 586 1778 verbi
603 1711 686 1777 finiti
707 1713 877 1799 participio
896 1715 1044 1797 struitur3
1061 1713 1114 1779 hic
1132 1719 1243 1777 autem
1262 1712 1421 1777 actionem

278 1815 463 1901 primariam
486 1817 643 1882 contineri
667 1819 766 1883 verbo
787 1817 878 1884 finito
900 1817 995 1885 drino
1017 1840 1059 1884 ex
1081 1817 1304 1905 superioribus
1322 1835 1422 1904 appa·

278 1926 345 2003 ret3
378 1927 430 1986 est
459 1921 545 1986 enim
575 1942 683 1986 rerum
706 1942 870 1989 conexus:
902 1924 1074 1989 domumne
1095 1928 1248 2010 repetens
1270 1920 1420 2008 Aegeum

276 2043 367 2090 mare
389 2026 536 2092 treiciam
558 2026 626 2112 (cir.
647 2047 730 2095 vers.
753 2029 830 2110 460)
854 2051 896 2095 an
918 2050 1038 2118 gerens
1061 2026 1183 2116 aliquid
1203 2028 1323 2095 moriar
1345 2022 1419 2093 nist

277 2127 311 2193 id
334 2136 385 2195 est
407 2138 552 2197 revertar
578 2154 619 2198 au
647 2135 791 2200 moriar?
842 2134 1009 2201 Partiauia
1032 2127 1101 2200 εἶτα
1123 2132 1297 2220 participio
1319 2151 1418 2220 appo·

276 2235 340 2298 sita
364 2256 436 2300 esse
459 2237 536 2302 mihi
558 2238 688 2305 videtur
710 2239 752 2305 ob
771 2261 843 2306 eam
861 2260 1004 2322 causam,
1022 2245 1060 2304 ut
1077 2240 1239 2307 actionem
1258 2237 1419 2325 participii

275 2358 339 2404 uon
362 2341 465 2405 solum
486 2362 559 2408 cum
583 2342 709 2410 actione
727 2345 818 2410 uerbi
840 2343 932 2428 finiti,
951 2343 1011 2410 scd
1028 2344 1093 2410 iam
1111 2349 1189 2409 ants
1208 2361 1280 2409 eam
1299 2340 1418 2406 durare

274 2463 376 2530 seque
408 2446 573 2534 explicare
605 2447 814 2534 significetur.
867 2447 990 2516 uocem
1026 2449 1121 2516 modo
1157 2446 1318 2536 particula
1348 2439 1418 2512 εἶτα

273 2549 445 2637 participio
466 2553 648 2638 praesentis
671 2554 826 2620 adiuncta
848 2556 1010 2621 invenitur
1031 2555 1149 2621 veluti:

315 2689 412 2777 Soph.
434 2690 482 2759 Et
507 2693 599 2759 1007.
623 2691 660 2759 οὗ
681 2692 741 2780 yde
763 2699 877 2760 θανεῖν
898 2697 1060 2780 ἔχθιστον,
1082 2693 1152 2762 ἀλλ’
1175 2691 1255 2762 ὅταν
1277 2695 1393 2762 θανεῖν

374 2794 496 2884 χρῄζων
517 2823 563 2874 τις
584 2789 656 2880 εἶτα,
674 2803 755 2887 μηδὲ
777 2797 863 2866 τοῦτ’
884 2803 939 2888 ἔχῃ
961 2801 1077 2885 λαβεῖν.

315 2917 411 3005 Soph.
434 2917 471 2984 0.
495 2919 528 2986 Ο.
552 2920 625 2988 277.
647 2923 700 2987 καὶ
722 2921 767 3014 μή
788 2921 886 3000 θεοὺς
908 2926 1058 3008 τιμῶντες
1080 2915 1149 2991 εἶτα
1171 2920 1244 3000 τούς
1266 2921 1364 3000 θεοῖς
1486 2942 1493 2951 ·

374 3023 469 3112 μοίρᾳ
492 3029 641 3092 ποιεῖσθε
662 3029 832 3114 μηδαμῶς·
856 3081 862 3094 .
885 3079 892 3093 .
916 3078 923 3094 .

312 3142 430 3211 Aesoh.
454 3144 505 3210 Pr.
529 3147 601 3215 777.
631 3145 676 3240 μή
697 3173 752 3232 μοι
775 3152 948 3235 προτείνων
969 3153 1077 3238 κέρδος
1099 3141 1154 3218 εἶτ’
1176 3147 1348 3238 α’ποοτέρεο
1371 3200 1378 3217 .
1402 3199 1411 3233 ,

268 3279 385 3349 ubido
406 3283 599 3351 Prometheo
621 3286 783 3372 suadenti,
806 3311 847 3354 ne
870 3290 957 3357 mala
979 3291 1040 3357 sibi
1064 3291 1242 3358 constituta
1263 3295 1410 3376 quaerat,

267 3387 460 3475 respondet:
491 3411 563 3457 cum
594 3391 794 3458 commodum
826 3395 904 3461 mihi
934 3397 1141 3485 proposueris
1173 3407 1206 3465 st
1238 3415 1410 3484 proponas,

267 3510 309 3556 ue
331 3489 450 3559 deinde
472 3516 524 3562 me
548 3497 725 3584 privaveris
750 3519 796 3563 eo.
850 3499 984 3566 sivero
1007 3501 1179 3588 participio
1202 3501 1313 3568 coristi
1336 3521 1409 3588 prr·

265 3595 367 3661 ticula
388 3587 457 3663 εἶτα
480 3601 653 3688 apponitur
676 3601 787 3688 (idque
812 3603 911 3670 nrulto
943 3605 1076 3692 saepius
1106 3626 1203 3692 quam
1237 3606 1407 3694 participio

264 3703 483 3790 praesentis),
515 3704 742 3772 documentum
766 3708 841 3770 mitri
866 3729 939 3774 esse
960 3709 1091 3776 videtur
1121 3711 1177 3778 ilio
1204 3733 1267 3779 non
1288 3731 1348 3799 per
1370 3733 1407 3778 se

263 3807 335 3893 ipso
356 3817 503 3895 spectato
534 3808 649 3896 prioris
681 3814 834 3898 temporis
867 3815 1026 3880 actionem
1057 3817 1213 3905 exprimi,
1245 3817 1304 3884 ssd
1333 3839 1405 3884 eam

262 3931 349 3998 quae
369 3933 434 3979 uuo
458 3914 565 4000 aliquo
588 3923 733 4002 tempore
755 3915 876 3984 incidit.
928 3919 980 3986 Ex
1012 3923 1173 4008 particula
1203 3915 1404 3990 siccantem

262 4014 410 4102 sequitur
427 4018 661 4105 participiatem
680 4022 841 4086 actionem
860 4021 925 4088 iam
943 4031 1021 4090 ante
1039 4025 1226 4112 primariam
1242 4025 1404 4094 incidisse

261 4117 335 4188 Ηοο
357 4139 433 4186 varo
455 4121 533 4208 ioco,
554 4128 591 4189 ut
609 4131 754 4190 rerertar
772 4123 860 4191 unde
878 4127 954 4216 exii,
972 4129 1078 4196 miuus
1095 4137 1173 4218 apta
1187 4129 1402 4200 Morstadtiur
