3172 4902
128 1288 181 1380 tte
210 1283 403 1404 temporie
435 1283 673 1378 interverti
703 1283 801 1378 ttntrt
833 1294 873 1379 et
903 1283 1095 1404 participii
1126 1287 1266 1382 auristi

455 1464 651 1558 actionem
686 1466 939 1585 aequalitate.

595 1690 800 1697 —————-

594 1702 800 1710 -.----

34 1743 36 1786 i

33 1792 34 1814 t

230 1812 311 1897 Gom
330 1829 419 1919 apud
437 1837 552 1918 poetae
570 1831 713 1919 tragieoa
731 1831 931 1898 Graeoorum
949 1831 1095 1898 eiusdem
1115 1835 1268 1922 temporis

29 1975 32 2008 i
124 1958 200 2003 eaae
222 1938 383 2004 aetiouam
406 1943 547 2023 atquae
569 1937 741 2023 partierpio
763 1938 877 2003 aoriati
904 1937 1107 2024 exprimatur
1129 1946 1162 2004 et
1184 1961 1271 2027 quae

122 2042 225 2108 verbo
246 2040 338 2108 finito
357 2039 517 2130 iudiootur
535 2039 707 2108 ostendere
725 2041 803 2107 mihi
820 2043 1053 2129 proposuerim,
1072 2043 1210 2130 primum
1229 2043 1270 2111 de

122 2146 297 2234 partieipio
318 2147 472 2212 universo
494 2167 600 2234 panea
621 2147 818 2230 memorabo,
846 2144 965 2212 deiude
988 2145 1031 2212 de
1053 2148 1165 2213 aoriati
1192 2156 1271 2214 tem·

122 2271 203 2338 pore
227 2257 260 2316 et
281 2247 324 2316 de
346 2251 485 2338 singulis
508 2250 671 2338 partieipii
693 2251 893 2338 temporibus
917 2251 1079 2338 oopioaiua
1101 2273 1208 2338 agam.

444 2443 500 2510 De
522 2443 732 2528 participio
754 2443 949 2512 universo.

229 2598 408 2686 Partieipio
429 2598 492 2666 hoo
514 2605 566 2664 eat
587 2618 757 2666 oommuue
774 2619 847 2666 oum
865 2600 975 2682 verbo,
996 2604 1034 2663 ut
1051 2599 1272 2667 oondioionem

122 2706 194 2771 aive
217 2704 412 2791 qualitatem
429 2704 519 2771 'verbi
543 2702 684 2770 notionis
698 2704 823 2770 variam
836 2705 928 2769 varia
947 2709 1128 2789 temporum
1146 2706 1272 2772 ratione
1332 2720 1336 2728 '

122 2808 288 2896 exprimat
310 2815 344 2875 et
364 2809 472 2892 aotivi,
495 2807 618 2895 paaaivi
639 2807 805 2894 mediique
827 2809 948 2874 formae
969 2808 1111 2892 habeat3
1135 2809 1272 2894 aceedit,

121 2913 212 3000 quod
242 2914 450 3006 partieipium
482 2911 619 2979 eandem
655 2934 752 3000 quam
782 2913 918 2978 verbum
953 2933 1051 2978 eaaua
1090 2914 1268 2980 reetiouem

122 3018 246 3083 retinet
267 3024 302 3084 et
318 3037 391 3084 aum
409 3015 564 3084 adverbio
581 3016 702 3083 modali
720 3012 762 3083 ἄν
780 3018 930 3104 ooniungi
950 3023 1065 3104 potest
1103 3017 1274 3084 Adieotiva

123 3129 238 3188 autem
254 3142 340 3209 quae
365 3122 454 3188 ineat
480 3123 652 3210 partieipio
671 3132 792 3188 natura
810 3143 849 3187 eo
868 3135 1014 3208 apparet,
1033 3122 1119 3211 quod
1138 3129 1172 3188 et
1189 3143 1274 3189 eom-

124 3247 255 3292 munem
276 3246 351 3293 oum
378 3226 541 3294 adieetivo
571 3227 707 3292 formam
739 3226 841 3292 habet
873 3237 906 3291 et
937 3226 1143 3294 substantivo
1175 3228 1273 3292 alioui

124 3332 277 3398 attributi
307 3333 411 3397 inatar
443 3331 633 3419 adiungitur
645 3331 681 3418 ¹).
733 3330 880 3397 Medium
912 3331 1014 3417 igitur
1044 3333 1150 3423 looum
1181 3338 1273 3398 tenet

123 3437 213 3502 inter
233 3437 368 3502 verbum
391 3443 425 3503 et
446 3457 565 3502 nomen
587 3435 829 3523 (adieetivum),
861 3456 964 3522 quare
987 3456 1048 3502 auo
1070 3438 1141 3501 iure
1164 3435 1273 3502 adiee-

123 3540 227 3605 tiuum
248 3541 383 3607 verbale
405 3541 564 3627 appellari
588 3548 704 3628 potest.
758 3541 851 3608 Idem
882 3542 952 3605 iere
983 3542 1046 3607 sibi
1076 3541 1146 3606 vult
1169 3540 1274 3605 Grae·

124 3665 237 3711 eorum
258 3646 454 3712 voeabulum
475 3644 603 3738 μετοχή,
630 3667 703 3713 oum
724 3653 853 3712 veteres
875 3645 1078 3733 grammatioi
1100 3646 1148 3710 ita
1170 3646 1271 3709 inter-

124 3755 315 3836 pretentur:
346 3757 444 3828 Λέξις
472 3760 649 3836 μετέχουσα
679 3755 733 3843 τῆς
762 3753 827 3817 τῶν
861 3747 1010 3840 ῥημάτων
1040 3752 1092 3816 καὶ
1123 3751 1178 3842 τῆς
1208 3751 1272 3814 τῶν

124 3851 292 3938 ὀνομάτων
314 3853 478 3944 ἰδιότητος.

231 4010 252 4080 ¹)
270 4010 421 4082 Kiihner‚
440 4013 570 4068 auaftihrl.
580 4013 697 4069 Gramm.
714 4015 761 4068 der
773 4031 811 4084 gr.
824 4013 949 4084 Spraehe,
964 4012 1112 4068 Heunover
1130 4010 1269 4067 1869-72

126 4098 154 4170 tu
171 4098 246 4171 471).
1104 4176 1115 4226 1
