3172 4902
739 339 781 410 39

183 547 243 614 ubi
265 547 509 633 Weckleiniua,
542 549 748 618 doctissimus
781 552 834 618 ille
868 558 900 618 at
929 556 1100 636 poetarum
1130 550 1328 638 tragicorum

184 652 401 742 panitiarimne
423 655 480 738 vir,
501 652 591 743 λάθῃ
612 656 645 722 in
668 655 782 746 φθάνῃ
806 663 918 738 mutat,
941 655 1028 742 quod
1051 655 1099 720 rei
1127 654 1232 742 magia
1255 675 1329 722 oon·

184 764 378 824 centaneum
408 757 577 846 videatur3
608 766 643 826 at
674 762 701 826 ai
732 759 766 827 id
793 761 881 848 quod
903 753 1069 826 codicibus
1091 759 1246 825 traditum
1269 766 1330 843 eet,

182 862 381 946 retinemus,
412 877 477 929 non
499 884 519 930 a
540 885 577 930 ra
604 863 747 930 alienum
776 863 921 931 videtur:
953 863 1098 935 claudite
1127 870 1255 951 portae,
1286 883 1329 929 ne

183 966 315 1032 Helena
336 987 389 1032 me
409 967 512 1035 lateat
535 976 568 1033 et
589 969 636 1034 ita
659 969 778 1035 evadat
800 1019 807 1034 .
831 1019 838 1034 .
862 1021 869 1036 .

288 1123 354 1190 Sed
376 1145 419 1190 ne
440 1125 558 1213 longus
580 1125 666 1209 fiam,
689 1126 817 1192 duobus
841 1125 1001 1212 exemplis
1025 1123 1066 1192 de
1088 1125 1188 1192 verbo
1204 1123 1329 1210 οἴχομαι

185 1226 322 1294 adiectio
345 1237 573 1316 argumentum
596 1230 736 1297 finietur.

227 1333 303 1399 Eur.
326 1332 437 1421 Suppl.
463 1335 555 1403 1156.
578 1333 678 1420 λόγων
700 1339 736 1402 δὲ
758 1337 1007 1420 παρακέλευσμα
1030 1337 1096 1401 σῶν

223 1450 225 1454 ’
287 1434 357 1523 οἷέρι
378 1436 554 1525 φερόμενον
575 1441 693 1523 οἴχεται
716 1491 722 1506 .
747 1491 754 1524 ‚

185 1539 267 1607 abiit
287 1540 428 1608 hortatio
452 1563 528 1609 aare
552 1543 673 1610 ablata.

226 1644 305 1714 Eur.
328 1645 398 1734 Iph.
420 1646 460 1713 A.
486 1647 579 1714 1465.
613 1655 682 1714 ΚΛ.
705 1637 729 1711 ὦ
752 1657 868 1730 τέκνον,
892 1648 989 1729 nixam
1021 1654 1079 1716 ΙΦ.
1103 1648 1155 1711 καὶ
1179 1643 1280 1712 πάλιν
1301 1644 1327 1730 γ’

255 1760 267 1766 ”
553 1767 555 1770 ’
989 1749 1039 1840 [ori
1060 1749 1105 1842 μὴ
1126 1748 1223 1835 μόλοι.

246 1885 250 1891 ·
288 1862 359 1920 ΚΛ.
381 1855 523 1921 λιποῦσα
543 1855 664 1944 μῃτέρζ·
688 1863 747 1922 lii).
771 1853 811 1932 ὥς
833 1853 909 1944 ὁρᾷς
930 1853 964 1940 γ’,
987 1852 1042 1920 οιόι
1065 1853 1160 1933 ἀξίοις
1182 1907 1188 1920 .
1213 1907 1220 1939 ,

184 1957 266 2041 abir,
288 1956 382 2023 filia?
404 2009 411 2024 .
434 2012 441 2024 .
464 2009 470 2024 .
495 1966 630 2024 matram
655 1959 838 2025 deserens?
860 2013 866 2026 .
892 2013 898 2026 .
923 2011 929 2024 .
1025 1999 1027 2004 .

286 2061 353 2129 Hic
373 2064 579 2152 participium
602 2065 714 2129 aoristi
732 2063 776 2130 ad
792 2051 857 2130 vim
874 2065 1038 2152 participii
1056 2064 1156 2128 futuri
1175 2064 1329 2149 temporis

184 2165 321 2249 accedit,
344 2166 404 2233 ced
423 2169 598 2234 acutiam
618 2190 718 2256 supra
736 2168 805 2234 dixi
822 2168 968 2234 condicio
986 2168 1171 2254 qualitusve
1194 2167 1329 2234 actionis

184 2271 400 2359 participialia
419 2271 631 2359 significatur,
646 2273 802 2360 temporie
819 2271 943 2359 gradus
961 2272 1014 2339 vel
1033 2269 1174 2360 sphaera
1189 2271 1329 2337 efficitur

183 2396 256 2440 oum
288 2396 330 2441 ex
359 2378 459 2444 verbo
490 2377 582 2443 finito
614 2386 682 2443 tum
714 2398 756 2443 ex
786 2397 894 2442 rarum
928 2397 1064 2443 conexu.
1117 2374 1329 2463 Participium

183 2482 324 2548 λιποῦσα
347 2482 527 2547 enimcum
551 2481 594 2547 ait
617 2482 787 2548 effectivus
810 2503 906 2568 quem
930 2480 1041 2545 dicunt
1072 2480 1234 2562 norietur,
1266 2479 1331 2543 ein·

183 2585 262 2672 gula
292 2590 457 2651 momenta
489 2587 624 2652 actioni·
657 2586 689 2651 in
720 2606 821 2651 unum
852 2595 1005 2673 punctum
1037 2583 1200 2650 contrahit
1232 2589 1266 2648 et
1292 2591 1330 2648 ut

184 2689 337 2775 quodque
366 2689 574 2778 participium
606 2691 639 2755 in
671 2690 791 2755 aoristo
823 2689 974 2755 effectivo
1000 2689 1150 2753 ultimum
1173 2693 1329 2774 punctum

184 2815 244 2860 acu
266 2796 449 2883 praesentia
472 2815 531 2860 eeu
553 2795 752 2881 praeteritae
776 2815 836 2860 eeu
858 2794 990 2858 iuturae
1009 2792 1146 2856 aetionis
1165 2792 1328 2877 exprimit.

288 2951 476 3040 Sequuntur
497 2953 652 3018 nonnulla
670 2953 822 3039 exempla
839 2972 910 3016 cum
926 2951 1034 3016 verhie
1052 2955 1228 3033 γίγνεσθαι,
1250 2941 1330 3014 εἶναι

184 3057 331 3144 aliisque,
353 3078 418 3123 non
440 3057 552 3144 paria,
585 3057 644 3122 aed
667 3057 783 3121 similia
807 3055 1045 3142 superioribus,
1077 3053 1164 3141 quod
1195 3053 1330 3118 verbum

184 3161 310 3226 linitum
333 3162 505 3249 participio
527 3162 698 3248 suppletur
720 3162 835 3246 viaque
856 3159 1078 3247 praedicativa
1102 3160 1131 3224 ei
1156 3159 1248 3223 ineat.

133 3343 136 3350 Ι
228 3265 325 3354 Soph.
347 3267 399 3330 Αἰ.
422 3267 493 3332 588.
516 3269 569 3330 καὶ
592 3269 680 3332 θεοῖο
701 3267 854 3349 inceium,
877 3263 921 3355 μὴ
943 3262 1082 3349 πραδούς
1105 3260 1186 3353 ἡμᾶς
1207 3271 1297 3349 γοίῃ.
1322 3312 1330 3344 ,

185 3369 361 3435 Tocmaaaa
382 3368 519 3434 Aiacem
541 3370 700 3441 obsecrat,
725 3389 765 3434 ne
791 3390 825 3435 ee
848 3389 1051 3454 puerumque
1072 3363 1218 3454 proiciat.

229 3474 324 3561 Soph.
349 3473 430 3540 Phil.
455 3475 528 3542 772.
551 3527 557 3540 .
582 3527 588 3539 .
612 3528 619 3539 .
641 3472 686 3565 μή
710 3472 832 3540 σαυτόν
853 3470 890 3538 o’
912 3470 982 3557 ἅμα

287 3577 371 3664 κᾶμ’,
394 3577 472 3644 ὄντα
495 3581 616 3646 σαυτοῦ
639 3578 855 3663 πρόστροπον,
879 3583 1000 3653 κτείνας
1022 3579 1100 3663 peip.
1126 3615 1167 3623 -

225 3683 302 3748 Eur.
324 3684 435 3772 Suppl.
457 3685 508 3750 30.
532 3681 611 3768 πρὸς
632 3680 726 3748 τόνδε
748 3680 852 3770 σιμὸν,
875 3685 960 3747 ἔνθα
982 3685 1095 3766 πρῶτα
1118 3686 1266 3765 φαίνεται

288 3793 401 3872 φρίξας
423 3786 505 3872 ὑπὲρ
527 3790 580 3879 γῆς
601 3791 699 3878 τῆσδε
722 3786 879 3871 κάρπιμος
901 3787 1019 3868 στάχυς
1042 3836 1048 3849 .
1073 3836 1080 3868 ‚

184 3892 240 3958 ubi
264 3891 368 3979 prima
391 3891 482 3978 spica
503 3892 574 3956 visa
599 3897 649 3955 eat
671 3891 805 3956 horrens
829 3910 870 3955 ax
892 3889 1020 3955 humo.
1049 3942 1055 3955 .
1079 3939 1085 3953 .

288 3993 374 4070 Quin
409 3996 540 4061 maioris
574 3995 730 4061 momenti
764 4015 818 4060 ree
855 3995 1062 4060 contineatur
1099 3992 1200 4058 verbo
1239 3991 1333 4058 finito

185 4105 342 4198 μαίνεται,
363 4098 453 4173 haud
475 4100 647 4197 quicquam
674 4098 847 4172 dubitabit,
899 4098 1078 4189 Pertioipio
1109 4101 1220 4164 autam
1251 4095 1331 4164 nihil
