3172 4902
241 531 304 598 hcc
325 531 534 620 opusculum,
565 531 715 598 sianum
738 532 919 599 alterumve
942 533 1127 620 exemplum
1149 553 1214 600 non
1236 552 1296 600 suc
1316 531 1388 600 lccc

242 635 376 702 allatum
400 658 474 703 esse
496 643 600 724 putet,
622 637 701 703 mihi
723 638 883 724 ignoscat.
927 635 994 702 Sed
1016 637 1080 702 iam
1103 657 1247 724 pergam.

285 758 405 828 Aesch.
428 759 521 828 Pers.
544 761 616 827 351.
659 765 742 838 τίνες
763 763 931 853 κατῆρξαν,
954 758 1092 847 πότερον
1100 755 1255 850 Ἕλληνες,
1275 757 1387 849 μάχής,

345 859 365 956 ή
387 869 464 942 παῖς
486 862 569 949 ἐμὸς,
591 863 714 957 πλήθει
736 863 938 957 καταυχήσας
960 867 1058 950 vatim

283 967 362 1035 ibid.
384 968 494 1057 Suppl.
518 969 591 1038 529.
634 967 770 1037 ἄλευσον
791 968 918 1057 ἀνδρῶν
940 965 1029 1056 ὕβριν
1051 958 1088 1034 εὗ
1107 967 1283 1061 στυγήσας·

286 1072 442 1140 Similiter
462 1076 617 1163 φοβηθεὶς
639 1073 745 1142 Prcm.
768 1076 853 1142 1003
877 1082 911 1140 ct

286 1176 374 1264 Sept.
397 1175 469 1245 adv.
491 1177 551 1244 Th.
573 1179 656 1263 4763
678 1175 894 1263 ἀτιμάσαντες
917 1178 969 1243 Pr.
992 1179 1056 1246 207

287 1287 320 1349 et
342 1281 452 1370 Suppl.
475 1283 538 1351 645
562 1281 813 1369 (ἀτιμώσαντες)
838 1290 899 1349 etc.

284 1385 360 1454 Eur.
371 1386 441 1475 Iph.
452 1387 492 1453 A.
502 1388 552 1455 77.
572 1389 758 1454 Μενέλαον·
774 1387 792 1454 a‘
809 1391 846 1454 δὲ
863 1385 942 1454 καθ’
954 1385 1077 1454 ‘Emi’
1089 1386 1258 1480 οἰστρήσας
1277 1384 1385 1474 δρόμῳ

345 1487 454 1575 ὅρκους
472 1489 633 1570 nasama
658 1491 830 1580 Τυνδάρεω
850 1491 1055 1579 μαρτύρεται,

241 1595 299 1661 ubi
335 1594 502 1690 οἰστρήσας
536 1597 774 1664 intransitivum
809 1600 874 1665 vim
906 1599 1007 1666 habet
1045 1598 1207 1681 „intorem
1243 1597 1385 1685 capiens,

240 1700 468 1770 furibundum.

286 1804 363 1873 ibid.
389 1806 482 1877 1524.
525 1797 551 1874 ἀ
573 1807 692 1875 πότνια
715 1807 842 1893 πότνια,
864 1805 994 1893 θύμασι
1016 1812 1191 1897 βροτησίοις

346 1916 478 1996 χαρεῖσα
500 1922 635 2000 πέμψον
657 1964 664 1978 .
687 1965 694 1978 .
718 1965 725 1978 .
749 1965 765 1997 .,

239 2020 373 2100 χαρεῖσα
393 2015 558 2103 signifieat
581 2016 759 2104 „gaudium
782 2021 948 2105 capiens“,
979 2037 1044 2084 non
1067 2017 1268 2104 „gandens“‚
1298 2013 1385 2103 quod

241 2121 423 2208 praesentis
454 2121 658 2210 participium
688 2127 842 2208 χαίρουσα
869 2122 932 2189 sibi
952 2122 1029 2188 vult.
1082 2120 1207 2197 Quodsi
1240 2119 1384 2187 nonnulli

237 2225 327 2291 velut
360 2224 510 2292 Piuhlius
542 2230 627 2314 (pag.
651 2229 711 2308 50,
743 2228 846 2312 520,
880 2227 923 2313 1.)
955 2226 998 2294 de
1030 2228 1131 2294 semel
1161 2227 1248 2293 iacto
1280 2226 1382 2291 solnm

237 2329 349 2395 acristi
371 2331 525 2418 temporis
548 2330 754 2418 participium
777 2330 925 2398 adhiberi
948 2330 1164 2414 contendunt,
1196 2331 1261 2396 iam
1283 2351 1383 2418 supra

237 2433 386 2502 refutavi.

281 2538 378 2628 Soph.
401 2540 478 2606 Ant.
501 2541 573 2608 148.
618 2530 694 2634 ήίδι
717 2547 830 2609 Νίκα.
853 2593 860 2607 .
884 2592 890 2608 .
914 2539 1129 2626 ἀντιχαρεῖσα,

235 2643 287 2710 his
310 2643 438 2712 duobus
460 2645 538 2713 loeis
560 2647 765 2735 participium
788 2646 912 2714 causali
936 2648 966 2712 vi
996 2667 1060 2714 non
1093 2645 1278 2732 praeditum
1310 2664 1382 2711 esse

238 2771 290 2815 me
308 2770 374 2816 non
391 2749 483 2837 fugit.
524 2750 650 2816 Temen
668 2752 807 2817 alterum
826 2751 921 2817 alteri
941 2753 1088 2840 opposui,
1107 2749 1193 2839 quod
1211 2749 1382 2816 Nauckins

236 2853 408 2944 participio
429 2851 636 2940 ἀντιχαρεῖσα
657 2855 732 2938 (etsi
766 2875 831 2923 non
863 2855 1021 2943 temporie
1053 2855 1165 2922 aoristi
1198 2857 1311 2936 causa)
1335 2852 1382 2942 ci·

239 2957 392 3025 ienditur.

339 3079 403 3146 His
433 3081 535 3168 igitur
564 3081 714 3149 omnibns
745 3081 944 3170 participiis,
976 3081 1096 3168 quibus
1128 3079 1247 3146 similia
1278 3081 1382 3146 multe

236 3181 359 3251 addere
380 3189 538 3272 poteram,
561 3187 638 3272 quin
661 3185 845 3251 inchoativa
868 3184 920 3250 vel
943 3185 1126 3272 inpressius
1149 3203 1248 3271 qnam
1266 3191 1383 3252 vocant

233 3290 283 3355 ris
306 3290 418 3356 aoristi
440 3290 529 3373 insit,
550 3309 646 3355 nemo
665 3289 726 3354 erit
744 3289 799 3375 qui
818 3287 955 3356 dubitet.
1000 3287 1152 3356 Getarum
1170 3287 1249 3355 iilud
1267 3287 1382 3354 adiun-

234 3415 321 3483 gam,
338 3395 371 3459 in
390 3414 454 3482 qno
471 3393 655 3460 effectivam
674 3413 770 3479 quem
789 3391 901 3459 dicunt
918 3394 1030 3462 ucristi
1045 3395 1110 3459 rim
1128 3393 1350 3459 Krichauffius
1357 3391 1380 3476 ¹)

236 3499 338 3566 sclam
368 3497 458 3564 hand
489 3496 589 3564 dubie
620 3496 709 3586 apud
731 3496 922 3584 Sophoclem
947 3499 1091 3564 existere
1113 3495 1298 3580 contendit3
1331 3502 1381 3563 est

236 3605 322 3670 enirn
345 3602 551 3692 participium
573 3601 733 3685 οἰκτείρας.
777 3599 824 3666 At
847 3606 898 3666 est
919 3600 976 3666 illa
996 3601 1046 3667 vis
1069 3601 1265 3689 ingressive:

277 3707 374 3798 soph.
397 3706 467 3775 ΟΕ
491 3707 577 3776 1473
601 3759 608 3774 .
631 3758 639 3773 .
661 3710 717 3772 καί
733 3703 768 3791 μ’
790 3705 985 3790 ἑποικτείρας
1004 3713 1111 3792 Κρέων

338 3809 471 3898 ἔπεμψέ
488 3837 544 3898 μοι
565 3809 608 3879 wi
629 3807 758 3899 φίλτατ’
779 3807 917 3896 ἐκγόνων
939 3809 1047 3898 ἕμοίν;

239 4091 308 4150 1878
340 4005 359 4074 ¹)
379 4003 558 4163 Kaphsutt
575 4003 687 4074 mest,
705 4005 871 4076 quaestiones
890 4006 923 4062 de
941 4007 1007 4076 part.
1025 4003 1096 4076 apud
1115 4003 1195 4076 flopn
1209 4019 1273 4070 usu,
1293 3997 1379 4056 Kilise

327 4097 396 4166 ρας.
460 4133 468 4150 .
