3172 4902
624 295 772 433 'tr

284 573 409 649 Quibus
442 575 601 662 exemplis
636 575 774 642 cfficstor
803 577 996 663 saepissime
1027 595 1069 640 ex
1091 595 1157 640 uno
1180 575 1323 642 auctoris

179 679 313 744 arbitrio
343 677 506 766 pendere,
536 685 644 745 ntmm
679 682 765 747 actio
797 679 917 746 durans
950 701 1050 766 seque
1082 679 1249 768 explicans
1281 701 1324 745 an

178 783 367 871 simpliciter
388 783 533 849 incidens
555 783 700 872 fingatur
729 785 979 872 praesentisque
1012 805 1055 850 an
1088 784 1199 850 coristi
1223 784 1324 872 parti·

180 888 299 974 oipium
323 887 527 954 adhibeatur.
551 929 590 938 —

281 992 462 1078 Postquam
491 994 592 1080 igitur
624 1015 679 1060 eos
710 995 797 1060 iocos
821 994 1028 1077 enumeravi,
1060 994 1178 1080 quibus
1210 992 1324 1058 coristi

178 1097 383 1185 participium
422 1099 634 1186 appositionis
670 1120 765 1184 quam
805 1106 923 1164 vocant
959 1100 1047 1164 loco·
1066 1097 1242 1164 adhibetur
1280 1094 1324 1161 ad

178 1203 336 1267 rationem
354 1201 574 1269 adverbialem
592 1202 837 1290 exprimendam
856 1202 1148 1288 secundariamque
1165 1221 1232 1267 rem
1251 1220 1324 1266 cum

179 1306 307 1370 actione
329 1294 491 1392 'primario
522 1307 703 1373 arctissime
731 1307 954 1388 coniunctam,
988 1305 1108 1372 deinde
1137 1306 1195 1371 ubi
1226 1305 1326 1392 perti·

178 1410 297 1496 cipium
320 1409 501 1496 praedicati
523 1431 660 1476 munero
683 1411 822 1497 iungens
842 1409 1021 1475 adhibitum
1042 1417 1093 1476 est
1111 1409 1153 1474 ad
1172 1408 1325 1497 supplen-

178 1513 254 1578 dam
276 1514 367 1579 verbi
390 1513 474 1578 finiti
497 1516 676 1595 actionem,
707 1515 772 1580 iam
803 1521 926 1594 restat,
956 1520 995 1578 ut
1017 1513 1058 1580 de
1080 1515 1120 1579 iis
1143 1513 1324 1602 participiis

180 1618 291 1683 coristi
314 1616 430 1700 dicem,
458 1638 543 1703 quae
567 1618 717 1684 attributi
741 1625 774 1682 et
797 1618 992 1683 substantivi
1014 1619 1085 1684 loco
1108 1620 1216 1706 posita
1239 1624 1324 1683 sunt.

283 1882 313 1948 g.
337 1861 588 1947 Participia
611 1862 773 1927 coristi
806 1863 1088 1929 attributiva
1119 1862 1159 1926 vi
1191 1881 1322 1950 prae·

181 1965 284 2030 dite.
330 1965 405 2031 Jam
438 1966 476 2029 iis
508 1987 593 2052 quae
626 1971 805 2051 sequuntur
828 1965 888 2032 boo
912 1973 962 2031 est
985 1987 1153 2032 commune
1176 1986 1248 2032 cum
1271 1985 1326 2030 su·

179 2071 370 2157 pedoribus,
393 2067 480 2156 qnod
503 2071 554 2134 hio
577 2091 705 2156 quoque
727 2070 889 2157 participii
909 2071 1020 2136 eoristi
1039 2092 1092 2136 res
1112 2069 1225 2136 eodem
1243 2077 1325 2136 tem-

180 2197 258 2262 pore
290 2195 354 2259 quo
385 2175 520 2239 verbum
552 2173 678 2239 finitum
710 2174 856 2240 incidens
881 2175 1084 2262 significatur
1104 2176 1172 2258 ita,
1202 2181 1325 2240 utnon

180 2279 392 2367 oppositionis
416 2280 466 2343 vei
488 2278 679 2365 praedicari,
703 2279 763 2346 sed
785 2281 934 2346 attributi
957 2279 1127 2346 cuiusdam
1144 2281 1208 2346 vim
1226 2279 1327 2367 parti·

180 2385 297 2472 cipium
315 2383 446 2450 habeat.
491 2381 585 2458 Quod
603 2405 707 2470 genus
726 2391 890 2450 nostrates
908 2385 955 2449 ite
974 2384 1155 2471 exprimere
1175 2385 1280 2450 solent
1288 2382 1326 2470 ¹),

179 2495 216 2552 ut
238 2487 445 2575 perticipium
468 2488 674 2552 substantivo
697 2495 896 2574 postponent
918 2489 1026 2553 vetut:

284 2590 381 2657 ἵπποι
403 2589 584 2659 ἀκτίνεσσιν
606 2592 740 2669 ἐοικότες
764 2591 886 2684 petiero,

283 2695 399 2778 Rosse,
421 2696 594 2783 gleicbend
617 2697 681 2763 den
705 2697 858 2764 Strahlen
883 2697 941 2764 der
964 2696 1081 2779 Sonus,

179 2801 231 2866 vei
253 2809 290 2866 ut
311 2801 518 2888 perticipium
541 2802 714 2867 enuncieto
737 2801 873 2866 relativo
897 2806 1026 2866 vertant
1049 2800 1169 2864 voluti:

282 2903 360 2995 γονή
381 2931 428 2981 τις
450 2898 531 2986 εἶχεν
553 2903 639 2988 ὄρνιν
661 2955 667 2970 .
692 2956 698 2970 .
722 2902 784 2971 οἷον
805 2910 985 2988 τίκτουσαν,

286 3010 357 3074 eine
380 3009 511 3094 Henne,
534 3009 658 3075 welche
682 3062 688 3075 .
712 3061 718 3074 .
743 3011 796 3074 ein
817 3009 858 3074 Ei
880 3011 978 3095 legte.

181 3113 289 3178 Huius
311 3135 391 3178 usus
414 3114 527 3178 aoristi
549 3114 792 3201 participiorum
816 3114 967 3200 exempla
989 3112 1208 3178 illustrissima
1238 3111 1326 3199 apud

181 3226 295 3305 poetes
319 3218 462 3304 tragicos
485 3219 567 3284 hoec
589 3219 718 3286 inveni:

224 3340 320 3427 Soph.
342 3339 394 3404 Αἱ.
417 3341 490 3406 475.
514 3346 548 3406 τί
566 3340 626 3425 γαρ
648 3339 726 3426 παρ’
750 3329 834 3432 ἦμαρ
859 3340 958 3433 ἡμέρα
980 3352 1109 3426 τέρπειν
1133 3339 1196 3424 ἔχει

284 3449 468 3531 προσθεῖσα
491 3443 673 3518 κᾶναθεϊσα
695 3448 753 3511 τοῦ
773 3470 807 3529 γε
828 3451 1027 3527 κατθανεῐνς

180 3550 225 3615 ibi
247 3548 336 3614 Aiax
357 3549 418 3614 boo
440 3550 510 3616 fere
534 3550 630 3616 dicit:
653 3549 731 3637 quid
751 3550 835 3615 enim
853 3550 956 3616 habet
972 3550 1051 3615 laeti
1070 3549 1196 3615 dierum
1214 3549 1326 3631 series,

182 3655 301 3741 quippe
324 3655 379 3739 qui
402 3654 591 3720 mortalibus
610 3675 738 3740 semper
757 3653 880 3739 aliquid
899 3655 1010 3719 mortis
1030 3671 1088 3720 eut
1106 3653 1251 3719 adicient
1270 3659 1328 3717 aut

182 3758 346 3838 adimant,
376 3757 410 3821 id
433 3762 562 3845 estqui
585 3765 722 3824 mortem
746 3767 779 3823 et
802 3759 944 3825 afferant
967 3767 1000 3826 et
1022 3760 1184 3826 different.
1230 3754 1326 3831 Quod

180 3883 257 3928 vero
289 3861 459 3926 Nauckius
492 3883 634 3928 errorem
668 3864 853 3950 suspicetur
884 3871 918 3928 et
950 3869 1136 3950 προσθεῖσα
1159 3858 1327 3928 κᾶναθεῖσ

181 3965 231 4033 αἐὶ
252 3964 289 4032 τὸ
316 3971 492 4032 κατθανεῖν
523 3974 646 4050 mutat,
679 3988 740 4033 nec
773 3969 904 4034 inuenio
937 3969 1087 4056 equidem
1119 3986 1261 4033 errorem
1294 3970 1327 4036 ot

287 4142 307 4216 ¹)
325 4142 474 4216 Kiih-ner,
492 4139 623 4202 ambul.
642 4140 759 4200 Gratum.
778 4141 880 4218 θμ180,
899 4143 923 4215 1,
942 4159 966 4203 o.
