3172 4902
626 313 834 414 ...r-

157 519 215 588 ubi
231 520 362 586 Helena
381 526 486 608 rogat,
502 527 540 586 ut
553 521 686 588 Electra
707 529 837 610 gratum
860 523 923 589 sibi
945 504 1046 588 faciat
1069 528 1197 591 solvens
1215 529 1305 592 metu

160 628 299 712 (patrum
323 644 443 709 corum,
466 626 521 712 qui
544 625 633 712 apud
655 626 786 692 Troiam
809 626 1015 712 ceccderint).
1038 667 1077 676 —

262 731 339 796 Huc
360 731 525 817 pertinere
547 728 694 796 videtur:

201 836 278 902 Eur.
289 834 359 921 Iph.
371 834 410 900 A.
422 835 515 900 1115.
539 839 603 912 τοῖς
621 832 776 919 ὀνόμασιν
792 841 853 920 μὲν
871 824 905 900 εἷ
924 838 1028 922 λέγεις,
1047 837 1088 904 τά
1106 837 1136 903 ά
1154 835 1228 922 ἔργα
1246 862 1304 904 σον

262 937 317 1004 οὐκ
340 932 399 1004 οἶάο
421 935 509 1016 ὅπως
529 936 588 1030 χρή
610 937 644 1023 μ’
667 937 879 1026 ὀνομάσασαν
901 931 936 1006 sci
958 945 1066 1026 taraco.
1090 994 1098 1028 ‚

158 1044 268 1110 nescio
291 1065 355 1130 quo
378 1045 508 1110 nomine
530 1050 677 1110 utentem
701 1053 790 1110 recte
813 1067 865 1111 mc
888 1045 998 1112 dicere
1021 1053 1178 1134 oporteat.

201 1149 277 1214 Eur.
300 1146 386 1214 Med.
409 1149 482 1216 876.
506 1147 602 1214 πόσει
627 1147 672 1232 θ’,
696 1145 728 1227 ὃς
750 1147 825 1240 ἡμῖν
848 1153 910 1237 δρᾷ
931 1149 972 1216 τά
996 1149 1231 1236 συμφορώτατα

264 1251 365 1344 γήμας
386 1252 543 1339 τύραννον
564 1255 617 1318 καὶ
638 1252 841 1345 κασιγνήτους
863 1265 980 1331 τέκνοις
1215 1241 1216 1244 ¹

262 1355 348 1441 ἐμοῖς
369 1357 536 1445 (possiam
558 1358 615 1423 ubi
637 1377 696 1445 per
718 1356 892 1423 ludibrium
916 1359 994 1425 dicit
1015 1358 1155 1424 Medea:
1178 1360 1305 1444 marito,

159 1462 214 1547 qui
231 1463 404 1527 utilissima
422 1460 517 1528 nobis
540 1464 617 1528 lacit
641 1483 689 1545 co,
713 1462 801 1548 quod
821 1464 999 1551 principem
1017 1464 1050 1528 in
1069 1465 1305 1528 matrimonium

159 1564 250 1631 ducit
273 1572 306 1632 et
328 1568 447 1633 fratres
469 1567 545 1632 filiis
566 1568 646 1632 meis
669 1567 786 1653 giguit.

264 1670 366 1737 Simili
388 1670 484 1738 modo
508 1693 545 1736 se
568 1672 688 1737 habet:

206 1773 281 1841 Eur.
305 1775 359 1842 Or.
383 1777 456 1844 546.
479 1774 608 1854 οἷνόσιός
629 1775 701 1861 εἰμι,
723 1786 844 1864 μητέρα
866 1773 989 1842 κτανών

263 1876 349 1958 ἴσως
370 1883 410 1948 δέ
427 1879 462 1966 γ’,
484 1883 591 1968 ἕτερον
612 1879 723 1966 ὄνομα,
745 1884 890 1968 τιμωρῶν
913 1885 1020 1963 πατρί.
1044 1919 1084 1927 -

159 1982 337 2072 Postquam
358 1985 460 2073 igitur
483 2007 594 2052 eorum
616 1987 777 2068 locorum,
809 1987 865 2052 ubi
897 1987 997 2052 verbo
1029 1985 1121 2049 finito
1152 1982 1307 2048 iudicium

161 2089 297 2155 affertur
319 2089 361 2154 de
384 2091 512 2156 actione
534 2091 742 2176 participiali,
774 2096 932 2174 quantum
956 2091 1036 2154 satis
1059 2088 1197 2170 videtur,
1229 2111 1307 2154 enu-

160 2195 292 2276 meravi,
316 2215 357 2258 ne
380 2197 496 2280 lou‘gus
519 2192 595 2258 fiam
618 2201 697 2258 nota
720 2192 902 2275 referendo,
934 2195 999 2258 iam
1023 2191 1064 2256 ad
1087 2193 1176 2257 aliud
1193 2213 1305 2282 'genus

161 2298 361 2385 progrediar.
479 2324 481 2326 ·

264 2489 285 2556 l.
322 2490 383 2554 De
413 2487 642 2575 λανθάνω,
672 2487 846 2577 φθάνω,
877 2487 1071 2572 τυγχάνω
1104 2487 1304 2572 aliisque

162 2593 387 2659 similibus
419 2593 589 2678 verbis,
627 2613 737 2680 quae
774 2614 864 2659 cum
901 2593 1153 2680 participio
1185 2597 1307 2656 stru·

160 2704 306 2765 untur.
332 2698 482 2764 Alterum
499 2718 603 2787 genus
623 2699 865 2785 participiorum
883 2719 956 2762 cum
974 2694 1198 2784 praedicativa
1219 2694 1250 2758 vi
1271 2694 1306 2758 id

41 2855 43 2857 -
162 2810 223 2888 est,
253 2804 311 2869 ubi
334 2804 408 2892 ipsa
430 2802 609 2869 declaratio
632 2805 681 2867 rai
702 2803 873 2890 participio
904 2803 1104 2883 continetur,
1136 2820 1234 2886 quam
1266 2801 1333 2884 obv

161 2930 231 2975 rem
252 2929 312 2974 uos
333 2916 445 2974 nostro
467 2928 616 2973 sermons
639 2896 773 2973 verbum
790 2905 916 2972 finitum
936 2906 1134 2974 Graecorum
1153 2903 1307 2970 adverbio

161 3020 382 3080 transvertere
414 3013 555 3078 solemus
588 3012 678 3078 velut
709 3012 960 3096 ‚‚uuvermerlrt,
992 3009 1161 3090 hcimlich‚
1198 3027 1306 3090 zuvcr,

162 3119 256 3201 eben,
277 3118 441 3204 ruffillig‘t
496 3118 535 3182 In
565 3137 629 3204 quo
660 3137 795 3182 numero
827 3123 877 3181 cst
908 3115 989 3181 illud
1015 3113 1104 3199 ᾤχετ’
1126 3110 1233 3178 άττιών
1255 3113 1308 3178 vel

161 3220 207 3314 μή
232 3220 388 3306 λάθωμεν
419 3214 692 3308 ἐξαπατηθέντες
708 3222 760 3289 vel
783 3218 869 3287 λάθε
892 3218 1017 3304 βιώσας.
1054 3220 1186 3283 Uliam
1210 3239 1308 3318 supra

162 3325 250 3411 dixi,
290 3325 482 3414 Kruegcrus
495 3325 517 3410 ¹)
554 3326 640 3391 hunc
679 3345 775 3389 usum
812 3325 974 3412 participii
1013 3324 1124 3390 aoriati
1163 3324 1210 3386 ita
1248 3323 1308 3386 cir·

162 3430 368 3497 cumscribit:
410 3431 531 3496 aoristo
562 3426 698 3516 ἔφθασα
739 3437 772 3495 et
811 3427 934 3496 ἔλαθον
966 3431 1072 3494 solaro
1102 3426 1308 3514 participium

68 3542 77 3548 ’
164 3534 276 3601 aorieti
299 3537 453 3624 temporis
472 3534 615 3622 adiungi.
652 3534 749 3601 Unda
766 3537 862 3601 facile
882 3536 1068 3600 coniectura
1091 3531 1176 3598 effici
1197 3535 1308 3617 potest

163 3637 304 3725 quadam
335 3639 377 3706 ad
408 3641 544 3707 verbum
574 3639 701 3706 finitum
733 3641 929 3705 attractione
961 3641 1067 3725 ipsum
1102 3637 1309 3725 participium

164 3762 237 3809 cum
259 3745 381 3809 aoristo
404 3745 494 3809 strui.
538 3743 655 3808 Latius
679 3742 810 3830 quidem
832 3749 943 3829 patet,
975 3741 1034 3808 sed
1056 3761 1120 3806 non
1143 3740 1228 3805 omni
1251 3759 1310 3802 nu·

163 3867 253 3913 mero
284 3849 464 3935 perfectum
496 3855 565 3932 cst,
598 3847 684 3934 quod
715 3846 903 3934 Madvigius
915 3847 943 3933 2)
976 3844 1071 3912 docet
1102 3843 1309 3932 participium

269 4004 288 4073 ¹)
307 4003 474 4074 Kruegsr‚
493 4008 507 4074 ξ
525 4005 568 4073 53,
588 4005 613 4074 6,
631 4004 656 4058 8.

268 4093 289 4164 ²)
307 4091 456 4163 Madvig,
474 4095 489 4162 ἕ
509 4091 568 4164 183,
587 4093 620 4148 A.
640 4096 665 4149 2.
