3172 4902
660 345 844 449 ..3,7,-,

171 557 353 645 ἐπισφάξας
374 560 506 640 ἔλαθον,
527 558 588 623 hoo
608 558 669 626 sibi
690 558 805 623 vellet:
829 556 952 624 latendi
972 555 1058 623 aetio
1076 555 1157 621 mihi
1172 554 1318 642 contigit,

171 684 246 730 eum
267 663 476 747 immolarem.

276 786 355 852 Pori
377 785 474 852 modo
495 807 532 852 se
553 786 674 852 habet:

213 891 291 959 Eur.
314 890 395 957 Ηθο.
420 891 492 993 617)
515 941 522 956 .
545 941 552 956 .
575 890 605 957 εἰ
624 894 730 968 δέοις
750 888 824 969 τούς
845 893 957 957 νεωστὶ
980 887 1143 966 δεσπότας

275 993 415 1062 laeooo'
437 992 500 1078 ἔχει
520 1021 552 1062 τι
573 997 698 1080 κλέμμα
719 997 784 1060 σῶν
805 992 904 1086 αίτῆς
926 993 1043 1079 δέμων.
1066 1045 1074 1080 ‚

170 1101 198 1166 si
220 1121 285 1187 qua
306 1097 462 1186 possidet,
485 1098 571 1185 quod
595 1099 802 1166 domininon
827 1098 1140 1166 animadvertebant.
1193 1095 1316 1160 Parum

170 1211 323 1272 aeenrate
354 1212 388 1269 et
418 1202 590 1291 diligenter
621 1204 645 1269 ii
675 1205 785 1268 faeere
816 1203 895 1268 mihi
924 1203 1092 1285 videntur,
1125 1201 1181 1287 qui
1204 1201 1317 1266 dieunt

169 1306 308 1376 taeooo'
329 1306 392 1392 ἔχει
412 1307 500 1375 idem
523 1307 707 1396 signifioore
731 1317 829 1395 atque
852 1310 990 1396 λέληθεν
1012 1305 1137 1390 ἔχουσα.
1162 1345 1201 1354 -

214 1431 310 1519 Soph.
332 1432 409 1498 Ant.
432 1432 504 1500 531.
528 1430 568 1498 σύ
592 1429 630 1516 δ’,
652 1429 672 1524 ἢ
693 1430 763 1497 κατ’
785 1432 886 1507 olitoris
908 1430 947 1508 ὥς
970 1429 1065 1513 ἔχιδν’
1089 1429 1242 1518 ὑφειμένα)

272 1534 422 1628 λήθουσά
443 1535 477 1621 μ’
499 1535 642 1614 ἐξέπινες
663 1534 731 1602 οὐδ’
753 1533 950 1620 ἐμάνθανον.

211 1657 289 1723 Eur.
309 1657 428 1724 Baeeh.
446 1660 519 1725 840.
543 1661 594 1724 καὶ
618 1662 685 1735 πῶς
707 1657 747 1724 δι’
771 1656 890 1734 ἄστεως
912 1652 974 1742 εἶμι
989 1660 1166 1740 Καδμείους
1183 1655 1316 1735 λαθώνς

168 1762 226 1828 ubi
247 1762 415 1830 Pentheus
440 1785 482 1830 ex
502 1764 633 1829 Baeoho
655 1763 802 1850 quaerit:
834 1761 994 1850 quomodo
1025 1783 1085 1848 per
1114 1761 1229 1824 urbem
1259 1760 1314 1824 ibo

168 1867 226 1950 ita,
249 1873 286 1933 ut
309 1890 373 1935 non
395 1867 536 1948 videar?

214 1990 330 2057 Aeeeh.
352 1989 414 2078 Ag.
439 1990 532 2057 1025.
556 1989 641 2057 εἰδὲ
662 1989 707 2081 μή
728 1992 903 2077 τεταγμένη

479 2100 576 2182 μοῖρα
596 2100 711 2181 μοῖραν
733 2094 766 2160 ἐκ
789 2098 878 2160 θεῶν

479 2193 558 2285 εἶργε
579 2198 624 2291 μή
646 2202 747 2265 πλέον
768 2209 885 2286 φέρειν,

479 2302 709 2390 προφθάσασα
732 2307 847 2388 καρδία

478 2409 625 2491 γλῶσσαν
647 2407 689 2474 ἄν
709 2405 781 2474 τάδ’
804 2406 909 2490 ἐξέχει.
933 2457 941 2490 ,
1023 2413 1026 2419 '

168 2514 231 2578 nisi
263 2535 333 2579 sors
365 2512 475 2599 (mihi)
507 2514 684 2578 constituta
715 2512 914 2576 cohibuisset
948 2511 1042 2593 (me),
1075 2558 1082 2571 .
1110 2558 1116 2571 .
1147 2558 1153 2571 .
1186 2506 1312 2570 animus

168 2619 313 2704 linguam
336 2637 549 2704 praecurrens
570 2615 740 2682 effudisset
756 2617 827 2702 (οἷς.
844 2615 886 2679 od
905 2615 991 2679 hune
1008 2615 1112 2678 looum
1128 2609 1312 2697 Aeschylus

168 2720 231 2809 Ag.
254 2743 313 2786 aus
336 2721 595 2809 Naegelsbaeh’s
618 2720 789 2804 Naehlass,
812 2720 977 2806 Erlangen
1002 2719 1110 2803 1863.)
1135 2755 1176 2764 —

211 2843 287 2910 Eur.
300 2845 370 2931 Iph.
383 2845 420 2911 Τ.
435 2845 506 2912 669.
529 2848 633 2932 ἔφθης
654 2869 695 2928 με
716 2842 845 2929 μικρόν·
868 2845 972 2908 ταῦτα
995 2845 1031 2908 δὲ
1053 2838 1189 2928 φθάσας
1207 2838 1312 2921 λέγεις,

272 2948 358 3041 πλὴν
379 2951 430 3016 ἓν·
454 3001 460 3014 .
484 3001 490 3014 .
514 2999 521 3014 .

212 3070 308 3158 Soph.
326 3071 410 3139 Phil.
431 3071 502 3138 371.
526 3069 543 3135 ὁ
565 3069 594 3136 δ’
616 3065 680 3136 εἶπ’
701 3068 878 3153 ’edomata
902 3071 1039 3157 πλφσιόν
1059 3065 1119 3151 γὰρ
1144 3054 1180 3156 ἦν
1202 3067 1311 3149 κορῶν,

272 3177 334 3258 ναὶ,
355 3182 427 3260 παῖ,
450 3173 605 3242 δεδώκοσ’
628 3161 755 3252 ἐνδίκως
777 3167 863 3241 οἶνοι
886 3173 965 3240 τάδε
988 3225 994 3238 .
1019 3223 1025 3256 ,

168 3282 213 3347 ibi
244 3281 478 3367 Neoptolemus
511 3282 609 3345 ermis
641 3283 786 3368 paternis
819 3281 966 3347 orbatum
1001 3299 1036 3343 se
1068 3297 1141 3342 esse
1173 3279 1312 3361 questus

168 3385 294 3471 pergit:
326 3384 441 3451 Ulixes
465 3425 505 3433 —
528 3408 602 3451 nem
626 3387 708 3451 forte
731 3385 847 3451 ederat
871 3378 913 3432 —-'
934 3385 1059 3448 loeutus
1084 3387 1152 3446 est:
1184 3380 1255 3443 iure
1277 3377 1311 3441 hi

169 3490 356 3558 dederunt.
381 3542 387 3556 .
411 3542 418 3556 .
463 3490 545 3557 (lum
563 3492 795 3578 Neoptolemos
814 3489 893 3554 dicit
911 3478 967 3579 „ipo
984 3490 1111 3571 aaronem,
1130 3483 1312 3571 exprimere

168 3596 237 3660 vult
266 3595 454 3683 primariam
485 3617 554 3664 rem
585 3597 724 3684 positam
749 3615 822 3659 esse
849 3595 882 3658 in
913 3582 969 3684 ἦν,
997 3592 1030 3657 id
1054 3597 1104 3656 ost
1127 3589 1243 3655 aderat
1266 3589 1312 3669 (et

168 3721 276 3766 eoram
308 3721 359 3765 me
389 3700 555 3765 liberrime
587 3701 714 3766 loeutus
747 3699 833 3785 est);
875 3699 924 3762 sin
960 3703 1069 3762 autem
1100 3695 1155 3759 ille
1189 3692 1312 3757 dioeret

168 3804 288 3892 ,,ε’κὺρει
305 3802 376 3888 ὤν“,
399 3805 615 3890 exprimeret:
636 3804 702 3869 fors
721 3804 804 3888 tulit,
827 3809 865 3868 ut
884 3801 1017 3868 adesset
1035 3795 1311 3885 (alloqueretur).

168 3947 207 3956 —
233 3908 299 3975 Sed
319 3909 403 3975 haee
423 3907 601 3974 haetenus!

272 4012 349 4078 Jam
372 4011 414 4078 ad
442 4013 578 4078 alteram
609 4010 823 4100 componendi
853 4014 1012 4077 rationem
1042 4015 1193 4091 transeo,
1225 4024 1311 4092 quae

168 4117 270 4201 multo
292 4116 436 4202 erebrior
458 4124 517 4194 est.
570 4117 620 4194 Ae
651 4117 789 4218 primum
821 4117 953 4215 quidem
984 4114 1138 4189 nonnulla
1162 4110 1312 4205 exempla
