3172 4902
712 339 757 431 tr

162 573 373 639 bestimmten
406 572 551 659 Tempus
588 571 871 658 Gleiohneitiges.⁸
933 571 1098 636 Probatur
1135 568 1213 635 mihi
1248 567 1309 634 hoo

162 677 303 763 quidem,
327 676 386 743 sed
408 684 518 743 temen
541 675 666 763 aliquid
686 675 783 742 deest
805 674 847 740 ed
867 675 1048 741 absolutam
1068 663 1310 761 perfectamque

94 827 102 836 .
163 781 395 848 definitionem.
439 781 526 847 Nem
547 782 618 868 ipso

506 991 731 1058 Praesentis
752 993 963 1076 participio

162 1199 242 1265 nihil
262 1201 453 1288 exprimitur
468 1199 530 1265 nisi
550 1199 696 1266 eondioio
713 1201 897 1286 qualiterve
916 1186 1064 1283 sotionis,
1078 1198 1177 1264 idest
1191 1196 1309 1262 durare

164 1311 197 1369 et
212 1324 248 1369 se
263 1304 427 1392 expliooro
446 1304 615 1370 sotionem.
638 1303 809 1390 Temporis
825 1311 936 1370 eutem
949 1303 1073 1390 gradus
1087 1303 1141 1369 vel
1158 1301 1309 1389 sphoera,

162 1408 197 1474 id
211 1415 262 1475 est
271 1415 380 1475 utrum
394 1409 436 1474 de
450 1410 628 1496 praeterito
644 1430 686 1474 en
700 1410 868 1496 praesenti
883 1431 926 1474 ou
940 1410 1038 1476 etium
1051 1407 1213 1474 defuturo
1229 1413 1310 1472 tem·

162 1533 240 1600 pore
263 1514 469 1601 portioipium
491 1513 674 1599 proesentis
697 1512 954 1601 intellegendum
976 1514 1028 1597 sit,
1051 1511 1188 1578 iudioori
1210 1508 1311 1576 debet

163 1638 236 1683 oum
248 1638 290 1683 ex
298 1618 399 1685 verbo
407 1617 500 1683 finito
511 1615 688 1703 additoque
703 1617 811 1704 aliquo
824 1617 978 1684 adverbio
990 1623 1058 1682 tum
1069 1637 1112 1682 ex
1122 1622 1190 1682 toto
1202 1635 1310 1681 rerum

163 1742 290 1789 oonexn
310 1743 350 1788 oo
372 1742 480 1788 sensu.
493 1721 515 1805 ¹)
556 1723 675 1808 Itaque
694 1724 794 1788 etiem
811 1723 995 1810 proesentis
1012 1721 1185 1810 partieipio
1203 1720 1311 1807 expri-

163 1827 278 1907 mitur,
309 1825 396 1914 quod
422 1827 487 1892 iem
519 1825 596 1892 onte
628 1827 789 1892 notionem
815 1827 907 1893 verbi
929 1825 1013 1892 finiti
1034 1824 1162 1906 ineidit,
1194 1825 1222 1889 si
1249 1823 1311 1890 hoe

162 1931 366 2017 potissimum
383 1929 630 2018 significandum
648 1929 777 1998 videtur
799 1931 960 1998 eotionem
981 1929 1220 2018 partieipiolem
1237 1949 1310 1994 eum

162 2036 317 2123 primorie
339 2035 477 2120 durare,
508 2056 701 2124 permanere
724 2057 826 2124 seque
849 2037 1024 2124 explioore.
1078 2037 1118 2101 In
1145 2055 1209 2121 quo
1232 2033 1310 2100 nihil

162 2140 280 2224 refert,
311 2147 422 2206 utrum
455 2141 540 2206 sotio
563 2140 734 2227 participio
758 2161 915 2229 expresso
937 2162 997 2228 per
1018 2161 1054 2206 se
1076 2140 1148 2228 ipso
1170 2159 1312 2206 momen·

163 2250 262 2310 tenes
284 2244 328 2309 sit
353 2265 401 2317 ,en
433 2244 606 2329 diuturne3
636 2250 674 2310 ut
704 2246 789 2311 enim
821 2245 995 2333 participio
1026 2244 1139 2310 eoristi
1169 2243 1311 2310 maxime

162 2348 316 2416 diuturne
349 2350 486 2438 exprimi
517 2357 644 2438 potest,
676 2351 705 2416 si
728 2352 857 2438 singule
881 2351 951 2417 eius
975 2356 1140 2416 momente
1162 2349 1256 2434 quusi
1277 2348 1311 2412 in

161 2474 263 2519 unum
278 2457 350 2537 (seu
368 2455 508 2541 primum
525 2475 586 2520 seu
602 2455 764 2539 ultimum)
780 2463 935 2542 punotum
955 2458 1123 2520 oontreoto
1141 2458 1311 2541 apparent,

161 2558 210 2624 ite
229 2558 401 2647 participio
422 2558 605 2646 proesentis
628 2559 821 2625 breuissime
843 2560 937 2644 aetio,
959 2558 1133 2624 dummodo
1156 2557 1190 2622 in
1209 2557 1311 2644 expli·

163 2665 291 2730 oetione
321 2663 473 2751 fingatur.
527 2662 633 2739 Quom
656 2665 684 2730 si
707 2671 820 2731 auotor
843 2686 931 2731 mere
955 2685 994 2730 oo
1016 2663 1205 2752 simpliciter
1231 2661 1310 2728 inoi·

163 2767 296 2835 dentem
318 2765 442 2854 fingere
463 2768 631 2851 voluisset,
654 2767 825 2856 participio
849 2769 961 2834 eoristi
983 2788 1063 2834 usus
1087 2773 1183 2833 esset.

265 2870 321 2936 Ad
336 2892 432 2959 quem
447 2892 544 2937 usum
560 2871 788 2938 illustrandum
807 2893 849 2938 ex
864 2871 1071 2938 multitudine
1087 2873 1309 2959 exemplorum

162 2996 268 3063 pouoe
290 2976 451 3059 referem,
483 2975 570 3062 quod
604 2977 708 3042 exiis
732 2997 817 3063 quoe
849 2977 894 3043 sit
924 2977 1037 3042 aoristi
1066 2975 1229 3064 participii
1260 2975 1309 3040 vis

163 3081 279 3150 meiius
302 3081 512 3169 intellegitur.

270 3307 289 3373 i.
320 3305 562 3372 Adduntur
600 3309 817 3374 nonnullo
859 3309 1123 3398 proesentis
1162 3307 1308 3395 perti-

164 3411 304 3501 eipio,
328 3431 439 3498 queo
462 3411 515 3477 od
536 3411 618 3477 vim
640 3413 882 3502 partieipii
906 3413 1072 3479 eoristi
1095 3411 1309 3479 aooedere

162 3515 385 3583 ridentur

205 3637 282 3704 Eur.
303 3638 374 3706 Ate.
397 3639 470 3706 380.
502 3639 593 3724 οἴμοι,
615 3644 650 3706 τί
670 3638 780 3726 δράσω
802 3643 885 3731 δῆτα
907 3642 968 3706 σοῦ
988 3637 1205 3739 μονούμενοςς

162 3760 346 3848 praesentis
368 3761 450 3846 (non
472 3761 602 3848 uenisti)
625 3761 829 3848 portioipium
860 3763 1002 3849 positum
1033 3768 1102 3846 est,
1133 3760 1220 3849 quod
1240 3760 1310 3827 Ad·

162 3874 269 3930 motus
292 3884 356 3929 non
378 3864 482 3931 solum
503 3865 584 3931 illud
606 3872 805 3932 momentum
836 3873 936 3954 otqne
967 3871 1122 3954 punotum
1152 3867 1308 3951 intuetur,

267 4055 289 4121 ¹)
308 4055 356 4110 eir.
374 4055 391 4110 J
395 4056 443 4112 oh.
461 4056 673 4129 Bolkenholl,
692 4059 725 4114 de
742 4059 835 4129 portio.
853 4075 905 4114 usu
922 4059 1106 4130 Thucydideo,
1130 4058 1193 4115 diss.
1209 4058 1306 4130 inaug.¹

163 4143 318 4216 Goettingee
338 4143 407 4204 1882
427 4143 496 4216 (pag.
511 4144 572 4229 tt).
