3172 4902
752 382 772 447 3

189 597 298 658 antem
316 590 412 659 dooet
430 596 647 679 praesentem,
665 593 820 674 futurum,
839 591 1063 680 praeteritum.
1109 593 1225 681 Itaque
1243 593 1334 660 velut

190 691 315 782 ἔγραψα
337 695 419 763 nihil
440 696 530 761 aliud
552 696 614 762 sibi
637 697 706 762 vult
724 696 787 761 nisi
806 695 970 763 seribendi
989 699 1150 764 actionem
1169 699 1334 784 inuidisse,

189 800 221 865 in
253 819 317 888 quo
348 799 429 864 nihil
458 800 570 880 refert,
600 805 708 866 utrum
743 823 782 868 ea
815 799 1007 890 permaneat
1038 823 1080 866 an
1112 804 1154 866 sit
1177 804 1333 890 perfecta.
1416 874 1421 885 ,

188 900 254 968 Sed
277 923 364 970 nuno
386 924 485 991 agam

447 1159 450 1166 .
482 1096 539 1163 De
561 1097 760 1181 participii
781 1097 1038 1181 temporibus.

293 1251 440 1338 Sphaera
462 1251 514 1318 vel
536 1251 661 1338 gradus
688 1253 877 1339 temporalis
901 1254 1092 1340 (praesens,
1125 1256 1334 1340 praeteritus,

188 1355 334 1441 iuturus)
357 1356 557 1443 singulorum
581 1366 763 1443 temporum
785 1356 968 1443 partieipiis
986 1357 1190 1444 significatur
1208 1360 1335 1444 nullus;

189 1458 279 1524 aliud
301 1461 386 1526 enim
408 1482 449 1526 ne
473 1461 574 1525 sutnri
596 1459 728 1547 quidem
751 1460 922 1547 participio
945 1463 1137 1548 exprimitur
1154 1462 1217 1527 nisi
1235 1466 1335 1529 notio·

189 1584 263 1630 nom
286 1565 428 1650 aliquam
451 1585 525 1630 esse
548 1586 621 1629 eam
645 1585 729 1650 quae
752 1585 788 1629 se
816 1565 1020 1650 explieatura
1052 1567 1102 1630 sit.
1155 1565 1335 1653 Partioipio

188 1668 290 1755 igitur
310 1669 418 1755 qualis
441 1672 484 1733 sit
504 1669 591 1734 aetio
608 1667 811 1755 significatur
827 1688 980 1754 quaeque
998 1667 1189 1734 adverbum
1207 1669 1335 1737 finitum

188 1772 307 1837 relatio
330 1771 523 1838 intetoedat.
568 1771 685 1838 Potest
708 1777 793 1838 enim
811 1771 853 1838 ad
872 1773 1005 1838 verbum
1026 1773 1155 1838 finitum
1174 1775 1259 1840 aetio
1277 1781 1336 1840 aut

189 1874 312 1942 durans
334 1883 392 1942 aut
413 1876 571 1964 perduota
594 1875 755 1941 adfinem
779 1882 838 1941 ant
860 1897 896 1941 se
919 1877 1123 1963 explicatum
1145 1878 1269 1962 referri,
1292 1878 1335 1944 ad

188 2000 286 2068 quam
322 1979 453 2067 quidem
489 1980 712 2047 eondioionom
748 1979 996 2068 signifieandam
1034 1988 1093 2047 aut
1128 1983 1334 2069 participium

189 2085 372 2172 praesentis
394 2087 550 2173 temporis
573 2093 632 2150 aut
653 2085 790 2172 perfeoti
814 2092 872 2150 ant
893 2085 994 2150 futuri
1018 2083 1203 2154 adhibetur.
1252 2085 1335 2151 Gra·
1448 2133 1450 2138 ,

190 2188 252 2255 dus
274 2197 383 2255 antem
407 2189 596 2276 temporalis
618 2192 674 2275 qui
696 2189 815 2254 dieitur
846 2194 959 2253 manat
990 2208 1032 2253 ex
1063 2210 1171 2265 rerum
1198 2209 1335 2275 oonexu,

189 2312 255 2380 quo
276 2293 485 2380 partieipinm
508 2299 542 2358 et
563 2294 698 2359 verbum
721 2293 848 2359 finitum
870 2302 1031 2380 usurpata
1054 2300 1139 2360 sunt.

294 2397 375 2464 Oum
398 2404 510 2464 antem
531 2404 690 2485 utsupra
713 2398 782 2464 dixi
804 2399 986 2485 praeterita
1013 2418 1077 2464 uon
1109 2398 1180 2484 ipso
1213 2399 1335 2466 aoristo

186 2538 232 2568 1-
253 2523 362 2590 neque
394 2503 479 2568 onim
511 2509 562 2568 est
588 2503 670 2568 haee
693 2504 741 2567 vis
764 2523 803 2567 ao
825 2511 946 2567 natura
967 2502 1080 2568 aoristi
1104 2540 1144 2550 -
1168 2500 1228 2567 sed
1250 2524 1334 2591 aug-

189 2613 300 2672 mento
323 2607 561 2694 exprimantur,
593 2608 751 2693 sequitur,
782 2618 820 2671 ut
842 2606 960 2693 quibus
984 2606 1098 2671 aorieti
1120 2606 1232 2670 formis
1255 2627 1335 2694 aug·

190 2718 334 2778 mentum
367 2696 462 2777 deest
491 2733 552 2778 eae
575 2712 674 2777 etiam
707 2712 877 2799 praeteriti
909 2711 1065 2799 temporis
1098 2709 1335 2797 significatione

189 2822 332 2882 oareant.
376 2804 562 2882 Praeterita
585 2817 685 2904 igitur
708 2836 769 2892 neo
799 2817 917 2882 oeteris
948 2814 1053 2881 modis
1084 2835 1146 2880 neo
1175 2814 1335 2881 infinitivo

189 2938 250 2985 neo
271 2919 443 3008 participio
466 2919 577 2984 aoristi
601 2921 677 3007 (per
699 2943 736 2986 se
759 2921 879 3007 ipsius)
903 2919 1107 3000 indieantur,
1141 2918 1200 2984 sed
1231 2922 1334 2985 solum

190 3045 276 3113 qnae
315 3026 419 3091 instar
459 3025 572 3112 pnnoti
603 3024 758 3091 incidunt.
816 3023 1020 3110 Quamquam
1061 3044 1148 3108 quae
1190 3022 1337 3088 incidunt

191 3129 292 3195 otiam
314 3129 496 3217 praesentis
525 3129 682 3217 temporis
701 3117 886 3216 'partieipia
918 3127 1056 3214 exprimi
1088 3132 1244 3213 possunt3
1277 3126 1337 3191 sed

190 3233 277 3300 inest
316 3232 481 3320 quaedam
521 3235 726 3322 perpetuitas
759 3242 792 3299 et
823 3234 998 3320 explicatio
1031 3231 1178 3297 aetionis.
1241 3229 1335 3305 Quod

190 3337 254 3402 nisi
274 3337 349 3423 quis
367 3336 549 3424 adiungere
565 3337 644 3418 vult,
666 3336 837 3424 participio
856 3337 969 3414 aoristi
985 3356 1123 3401 neeesse
1142 3343 1194 3400 est
1210 3343 1336 3418 utatur3

190 3462 268 3506 nam
298 3440 444 3529 perfeeto
476 3448 622 3526 tempore
651 3460 715 3506 non
746 3441 810 3505 nisi
839 3461 923 3526 quae
950 3461 1056 3524 usque
1079 3438 1121 3505 ad
1144 3440 1240 3504 finem
1264 3460 1338 3526 per·

191 3545 310 3630 dnota,
340 3545 451 3612 futuro
483 3554 593 3611 autem
625 3566 710 3632 quae
742 3566 779 3610 se
812 3545 1014 3632 explieatura
1046 3545 1090 3609 sit
1121 3545 1206 3609 aotio
1238 3544 1338 3630 signi-

191 3649 355 3734 fleatur1).
413 3649 465 3717 Ex
500 3651 550 3716 his
587 3651 738 3716 omnibus
771 3651 798 3713 si
831 3650 904 3735 quis
951 3647 1124 3715 oonoludat
1166 3647 1338 3735 partieipio

192 3755 306 3821 aoristi
334 3755 439 3838 solnm
471 3775 557 3841 quae
589 3753 720 3841 (eodem
742 3774 818 3841 *quo
848 3754 985 3819 verbum
1016 3752 1143 3818 finitum
1175 3753 1338 3839 tempore)

191 3858 349 3941 inoidnnt,
372 3881 436 3925 non
458 3879 545 3947 quae
566 3856 752 3925 inuiderunt
774 3858 921 3946 exprimi,
945 3878 1008 3922 non
1028 3864 1118 3923 roote
1136 3855 1339 3922 oonoluserit.

191 3964 278 4030 Nam
300 3964 442 4029 omnium
465 3964 659 4051 saepissime
678 3963 849 4050 partieipia
868 3963 981 4027 aorieti
1001 3960 1237 4049 significantur,
1255 3979 1341 4046 quae

297 4158 318 4228 ¹)
338 4155 488 4227 Curtius,
506 4155 608 4211 arlant
626 4174 662 4212 zu
679 4173 717 4212 m.
738 4173 777 4227 gr.
795 4155 991 4226 Sohulgramm.
1009 4170 1070 4223 pag.
1090 4152 1157 4276 1893
