<?xml version="1.0" encoding="UTF-8"?>
<!DOCTYPE html PUBLIC "-//W3C//DTD XHTML 1.0 Transitional//EN"
    "http://www.w3.org/TR/xhtml1/DTD/xhtml1-transitional.dtd">
<html xmlns="http://www.w3.org/1999/xhtml" xml:lang="en" lang="en">
 <head>
  <title>
</title>
<meta http-equiv="Content-Type" content="text/html;charset=utf-8" />
  <meta name='ocr-system' content='tesseract 3.04.00' />
  <meta name='ocr-capabilities' content='ocr_page ocr_carea ocr_par ocr_line ocrx_word'/>
</head>
<body>
  <div class='ocr_page' id='page_1' title='image "./detemporisinter00schugoog_0061.png"; bbox 0 0 3172 4902; ppageno 0'>
   <div class='ocr_carea' id='block_1_1' title="bbox 260 303 1416 3120">
    <p class='ocr_par' dir='ltr' id='par_1_1' title="bbox 770 303 852 374">
     <span class='ocr_line' id='line_1_1' title="bbox 770 303 852 374; baseline 0 0"><span class='ocrx_word' id='word_1_1' title='bbox 770 332 771 335; x_wconf 44' lang='lat'>¹</span> <span class='ocrx_word' id='word_1_2' title='bbox 811 303 852 374; x_wconf 72' lang='lat'><strong>59</strong></span> 
     </span>
    </p>

    <p class='ocr_par' dir='ltr' id='par_1_2' title="bbox 260 514 1416 3120">
     <span class='ocr_line' id='line_1_2' title="bbox 260 514 1410 605; baseline 0.002 -23"><span class='ocrx_word' id='word_1_3' title='bbox 260 518 480 605; x_wconf 76' lang='lat' dir='ltr'><strong>praeteritus),</strong></span> <span class='ocrx_word' id='word_1_4' title='bbox 505 515 563 582; x_wconf 88' lang='lat' dir='ltr'><strong>sed</strong></span> <span class='ocrx_word' id='word_1_5' title='bbox 586 514 733 583; x_wconf 87' lang='lat' dir='ltr'><strong>condicio</strong></span> <span class='ocrx_word' id='word_1_6' title='bbox 755 517 938 604; x_wconf 85' lang='lat' dir='ltr'><strong>qualitasve</strong></span> <span class='ocrx_word' id='word_1_7' title='bbox 961 516 1096 583; x_wconf 85' lang='lat' dir='ltr'><strong>actionis</strong></span> <span class='ocrx_word' id='word_1_8' title='bbox 1120 515 1283 590; x_wconf 84' lang='lat' dir='ltr'><strong>indicatur</strong></span> <span class='ocrx_word' id='word_1_9' title='bbox 1300 537 1410 604; x_wconf 85' lang='lat' dir='ltr'><strong>eaque</strong></span> 
     </span>
     <span class='ocr_line' id='line_1_3' title="bbox 260 620 1409 710; baseline 0.003 -24"><span class='ocrx_word' id='word_1_10' title='bbox 260 623 462 710; x_wconf 79' lang='lat' dir='ltr'><strong>intellegitur</strong></span> <span class='ocrx_word' id='word_1_11' title='bbox 486 626 535 705; x_wconf 89' lang='lat' dir='ltr'><strong>(ut</strong></span> <span class='ocrx_word' id='word_1_12' title='bbox 557 623 589 687; x_wconf 92' lang='lat' dir='ltr'><strong>in</strong></span> <span class='ocrx_word' id='word_1_13' title='bbox 612 623 778 709; x_wconf 79' lang='lat' dir='ltr'><strong>praesenti</strong></span> <span class='ocrx_word' id='word_1_14' title='bbox 801 628 946 710; x_wconf 89' lang='lat' dir='ltr'><strong>temporo</strong></span> <span class='ocrx_word' id='word_1_15' title='bbox 964 620 1096 704; x_wconf 84' lang='lat' dir='ltr'><strong>durans,</strong></span> <span class='ocrx_word' id='word_1_16' title='bbox 1119 621 1152 686; x_wconf 93' lang='lat' dir='ltr'><strong>in</strong></span> <span class='ocrx_word' id='word_1_17' title='bbox 1169 621 1315 708; x_wconf 73' lang='lat' dir='ltr'><strong>perteoto</strong></span> <span class='ocrx_word' id='word_1_18' title='bbox 1334 643 1409 709; x_wconf 90' lang='lat' dir='ltr'><strong>pcr-</strong></span> 
     </span>
     <span class='ocr_line' id='line_1_4' title="bbox 261 725 1409 813; baseline 0.002 -23"><span class='ocrx_word' id='word_1_19' title='bbox 261 726 348 792; x_wconf 83' lang='lat' dir='ltr'><strong>t&#39;ecta</strong></span> <span class='ocrx_word' id='word_1_20' title='bbox 371 732 571 813; x_wconf 86' lang='lat' dir='ltr'><strong>peractaque</strong></span> <span class='ocrx_word' id='word_1_21' title='bbox 593 726 636 791; x_wconf 88' lang='lat' dir='ltr'><strong>ed</strong></span> <span class='ocrx_word' id='word_1_22' title='bbox 658 726 766 811; x_wconf 89' lang='lat' dir='ltr'><strong>finem,</strong></span> <span class='ocrx_word' id='word_1_23' title='bbox 787 728 845 809; x_wconf 87' lang='lat' dir='ltr'><strong>ita)</strong></span> <span class='ocrx_word' id='word_1_24' title='bbox 869 727 902 792; x_wconf 90' lang='lat' dir='ltr'><strong>in</strong></span> <span class='ocrx_word' id='word_1_25' title='bbox 926 726 1046 792; x_wconf 87' lang='lat' dir='ltr'><strong>eoriato</strong></span> <span class='ocrx_word' id='word_1_26' title='bbox 1068 725 1171 792; x_wconf 84' lang='lat' dir='ltr'><strong>instar</strong></span> <span class='ocrx_word' id='word_1_27' title='bbox 1194 727 1305 813; x_wconf 91' lang='lat' dir='ltr'><strong>puncti</strong></span> <span class='ocrx_word' id='word_1_28' title='bbox 1329 728 1409 792; x_wconf 89' lang='lat' dir='ltr'><strong>inci·</strong></span> 
     </span>
     <span class='ocr_line' id='line_1_5' title="bbox 262 829 1406 920; baseline 0.002 -26"><span class='ocrx_word' id='word_1_29' title='bbox 262 830 353 896; x_wconf 84' lang='lat' dir='ltr'><strong>dana.</strong></span> <span class='ocrx_word' id='word_1_30' title='bbox 400 829 464 896; x_wconf 79' lang='lat' dir='ltr'><strong>sad</strong></span> <span class='ocrx_word' id='word_1_31' title='bbox 487 851 550 897; x_wconf 93' lang='lat' dir='ltr'><strong>non</strong></span> <span class='ocrx_word' id='word_1_32' title='bbox 574 838 625 896; x_wconf 85' lang='lat' dir='ltr'><strong>eat</strong></span> <span class='ocrx_word' id='word_1_33' title='bbox 646 832 708 898; x_wconf 90' lang='lat' dir='ltr'><strong>hoo</strong></span> <span class='ocrx_word' id='word_1_34' title='bbox 729 833 777 896; x_wconf 91' lang='lat' dir='ltr'><strong>ita</strong></span> <span class='ocrx_word' id='word_1_35' title='bbox 798 830 1073 920; x_wconf 83' lang='lat' dir='ltr'><strong>intellegendum,</strong></span> <span class='ocrx_word' id='word_1_36' title='bbox 1105 838 1142 896; x_wconf 92' lang='lat' dir='ltr'><strong>ut</strong></span> <span class='ocrx_word' id='word_1_37' title='bbox 1165 832 1234 897; x_wconf 87' lang='lat' dir='ltr'><strong>sola</strong></span> <span class='ocrx_word' id='word_1_38' title='bbox 1257 832 1406 898; x_wconf 87' lang='lat' dir='ltr'><strong>incidens</strong></span> 
     </span>
     <span class='ocr_line' id='line_1_6' title="bbox 263 935 1407 1023; baseline 0.003 -24"><span class='ocrx_word' id='word_1_39' title='bbox 263 936 348 1000; x_wconf 86' lang='lat' dir='ltr'><strong>actio</strong></span> <span class='ocrx_word' id='word_1_40' title='bbox 370 935 540 1022; x_wconf 88' lang='lat' dir='ltr'><strong>participio</strong></span> <span class='ocrx_word' id='word_1_41' title='bbox 564 935 674 1000; x_wconf 89' lang='lat' dir='ltr'><strong>aoriati</strong></span> <span class='ocrx_word' id='word_1_42' title='bbox 704 936 861 1003; x_wconf 78' lang='lat' dir='ltr'><strong>contineri</strong></span> <span class='ocrx_word' id='word_1_43' title='bbox 893 936 1014 1023; x_wconf 86' lang='lat' dir='ltr'><strong>possit,</strong></span> <span class='ocrx_word' id='word_1_44' title='bbox 1046 936 1224 1022; x_wconf 88' lang='lat' dir='ltr'><strong>praeterita</strong></span> <span class='ocrx_word' id='word_1_45' title='bbox 1254 937 1407 1023; x_wconf 80' lang='lat' dir='ltr'><strong>priorque</strong></span> 
     </span>
     <span class='ocr_line' id='line_1_7' title="bbox 264 1038 1409 1127; baseline 0.002 -23"><span class='ocrx_word' id='word_1_46' title='bbox 264 1038 306 1104; x_wconf 88' lang='lat' dir='ltr'><strong>ed</strong></span> <span class='ocrx_word' id='word_1_47' title='bbox 328 1040 417 1106; x_wconf 88' lang='lat' dir='ltr'><strong>verbi</strong></span> <span class='ocrx_word' id='word_1_48' title='bbox 440 1039 523 1106; x_wconf 89' lang='lat' dir='ltr'><strong>finiti</strong></span> <span class='ocrx_word' id='word_1_49' title='bbox 547 1040 705 1106; x_wconf 80' lang='lat' dir='ltr'><strong>actionem</strong></span> <span class='ocrx_word' id='word_1_50' title='bbox 729 1041 913 1127; x_wconf 88' lang='lat' dir='ltr'><strong>primariam</strong></span> <span class='ocrx_word' id='word_1_51' title='bbox 938 1060 976 1106; x_wconf 88' lang='lat' dir='ltr'><strong>eo</strong></span> <span class='ocrx_word' id='word_1_52' title='bbox 994 1039 1129 1127; x_wconf 81' lang='lat' dir='ltr'><strong>adiungi</strong></span> <span class='ocrx_word' id='word_1_53' title='bbox 1146 1047 1306 1126; x_wconf 80' lang='lat' dir='ltr'><strong>nequeat3</strong></span> <span class='ocrx_word' id='word_1_54' title='bbox 1331 1046 1409 1106; x_wconf 86' lang='lat' dir='ltr'><strong>auat</strong></span> 
     </span>
     <span class='ocr_line' id='line_1_8' title="bbox 264 1144 1409 1233; baseline 0.003 -24"><span class='ocrx_word' id='word_1_55' title='bbox 264 1145 350 1210; x_wconf 90' lang='lat' dir='ltr'><strong>enim</strong></span> <span class='ocrx_word' id='word_1_56' title='bbox 373 1145 470 1231; x_wconf 85' lang='lat' dir='ltr'><strong>longe</strong></span> <span class='ocrx_word' id='word_1_57' title='bbox 492 1145 631 1232; x_wconf 89' lang='lat' dir='ltr'><strong>plurima</strong></span> <span class='ocrx_word' id='word_1_58' title='bbox 653 1145 736 1211; x_wconf 87' lang='lat' dir='ltr'><strong>haee</strong></span> <span class='ocrx_word' id='word_1_59' title='bbox 759 1147 917 1233; x_wconf 85' lang='lat' dir='ltr'><strong>exempla.</strong></span> <span class='ocrx_word' id='word_1_60' title='bbox 962 1144 1028 1211; x_wconf 83' lang='lat' dir='ltr'><strong>Sed</strong></span> <span class='ocrx_word' id='word_1_61' title='bbox 1058 1146 1119 1210; x_wconf 89' lang='lat' dir='ltr'><strong>hoo</strong></span> <span class='ocrx_word' id='word_1_62' title='bbox 1150 1166 1213 1210; x_wconf 90' lang='lat' dir='ltr'><strong>non</strong></span> <span class='ocrx_word' id='word_1_63' title='bbox 1245 1147 1278 1211; x_wconf 88' lang='lat' dir='ltr'><strong>in</strong></span> <span class='ocrx_word' id='word_1_64' title='bbox 1308 1147 1341 1210; x_wconf 84' lang='lat' dir='ltr'><strong>vi</strong></span> <span class='ocrx_word' id='word_1_65' title='bbox 1369 1166 1409 1212; x_wconf 86' lang='lat' dir='ltr'><strong>aa</strong></span> 
     </span>
     <span class='ocr_line' id='line_1_9' title="bbox 265 1249 1411 1338; baseline 0.003 -25"><span class='ocrx_word' id='word_1_66' title='bbox 265 1257 383 1314; x_wconf 87' lang='lat' dir='ltr'><strong>natura</strong></span> <span class='ocrx_word' id='word_1_67' title='bbox 406 1251 517 1315; x_wconf 82' lang='lat' dir='ltr'><strong>coristi</strong></span> <span class='ocrx_word' id='word_1_68' title='bbox 548 1251 688 1337; x_wconf 85' lang='lat' dir='ltr'><strong>positum</strong></span> <span class='ocrx_word' id='word_1_69' title='bbox 722 1257 790 1333; x_wconf 89' lang='lat' dir='ltr'><strong>eat,</strong></span> <span class='ocrx_word' id='word_1_70' title='bbox 823 1249 882 1316; x_wconf 84' lang='lat' dir='ltr'><strong>scd</strong></span> <span class='ocrx_word' id='word_1_71' title='bbox 903 1252 956 1316; x_wconf 83' lang='lat' dir='ltr'><strong>vel</strong></span> <span class='ocrx_word' id='word_1_72' title='bbox 980 1271 1022 1316; x_wconf 84' lang='lat' dir='ltr'><strong>ex</strong></span> <span class='ocrx_word' id='word_1_73' title='bbox 1044 1256 1190 1338; x_wconf 87' lang='lat' dir='ltr'><strong>tompore</strong></span> <span class='ocrx_word' id='word_1_74' title='bbox 1212 1251 1301 1317; x_wconf 81' lang='lat' dir='ltr'><strong>verbi</strong></span> <span class='ocrx_word' id='word_1_75' title='bbox 1324 1249 1411 1316; x_wconf 88' lang='lat' dir='ltr'><strong>finiti</strong></span> 
     </span>
     <span class='ocr_line' id='line_1_10' title="bbox 263 1352 1411 1442; baseline 0.002 -24"><span class='ocrx_word' id='word_1_76' title='bbox 263 1355 314 1418; x_wconf 83' lang='lat' dir='ltr'><strong>vei</strong></span> <span class='ocrx_word' id='word_1_77' title='bbox 347 1374 388 1418; x_wconf 90' lang='lat' dir='ltr'><strong>cx</strong></span> <span class='ocrx_word' id='word_1_78' title='bbox 419 1359 487 1418; x_wconf 86' lang='lat' dir='ltr'><strong>toto</strong></span> <span class='ocrx_word' id='word_1_79' title='bbox 518 1375 626 1419; x_wconf 86' lang='lat' dir='ltr'><strong>rerum</strong></span> <span class='ocrx_word' id='word_1_80' title='bbox 658 1375 785 1421; x_wconf 84' lang='lat' dir='ltr'><strong>conexu</strong></span> <span class='ocrx_word' id='word_1_81' title='bbox 817 1375 856 1420; x_wconf 88' lang='lat' dir='ltr'><strong>ae</strong></span> <span class='ocrx_word' id='word_1_82' title='bbox 884 1376 982 1421; x_wconf 86' lang='lat' dir='ltr'><strong>sensu</strong></span> <span class='ocrx_word' id='word_1_83' title='bbox 1005 1361 1151 1442; x_wconf 83' lang='lat' dir='ltr'><strong>apparet.</strong></span> <span class='ocrx_word' id='word_1_84' title='bbox 1196 1352 1411 1440; x_wconf 86' lang='lat' dir='ltr'><strong>Partieipium</strong></span> 
     </span>
     <span class='ocr_line' id='line_1_11' title="bbox 265 1443 1411 1547; baseline 0 -23"><span class='ocrx_word' id='word_1_85' title='bbox 265 1458 360 1540; x_wconf 89' lang='lat' dir='ltr'><strong>enim,</strong></span> <span class='ocrx_word' id='word_1_86' title='bbox 382 1458 430 1521; x_wconf 87' lang='lat' dir='ltr'><strong>ite</strong></span> <span class='ocrx_word' id='word_1_87' title='bbox 452 1456 521 1522; x_wconf 86' lang='lat' dir='ltr'><strong>tere</strong></span> <span class='ocrx_word' id='word_1_88' title='bbox 545 1456 675 1524; x_wconf 80' lang='lat' dir='ltr'><strong>Curtius</strong></span> <span class='ocrx_word' id='word_1_89' title='bbox 688 1459 710 1542; x_wconf 81' lang='lat'><strong>¹)</strong></span> <span class='ocrx_word' id='word_1_90' title='bbox 735 1457 839 1542; x_wconf 79' lang='lat' dir='ltr'><strong>docet,</strong></span> <span class='ocrx_word' id='word_1_91' title='bbox 861 1443 979 1526; x_wconf 83' lang='lat' dir='ltr'><strong>natura</strong></span> <span class='ocrx_word' id='word_1_92' title='bbox 1002 1467 1035 1526; x_wconf 84' lang='lat' dir='ltr'><strong>et</strong></span> <span class='ocrx_word' id='word_1_93' title='bbox 1057 1459 1180 1547; x_wconf 84' lang='lat' dir='ltr'><strong>origine</strong></span> <span class='ocrx_word' id='word_1_94' title='bbox 1204 1478 1278 1524; x_wconf 85' lang='lat' dir='ltr'><strong>ease</strong></span> <span class='ocrx_word' id='word_1_95' title='bbox 1302 1459 1411 1525; x_wconf 91' lang='lat' dir='ltr'><strong>adico·</strong></span> 
     </span>
     <span class='ocr_line' id='line_1_12' title="bbox 264 1560 1410 1650; baseline 0.004 -25"><span class='ocrx_word' id='word_1_96' title='bbox 264 1562 366 1626; x_wconf 80' lang='lat' dir='ltr'><strong>tivum</strong></span> <span class='ocrx_word' id='word_1_97' title='bbox 390 1560 617 1650; x_wconf 85' lang='lat' dir='ltr'><strong>actionemque</strong></span> <span class='ocrx_word' id='word_1_98' title='bbox 650 1584 688 1628; x_wconf 89' lang='lat' dir='ltr'><strong>eo</strong></span> <span class='ocrx_word' id='word_1_99' title='bbox 720 1562 762 1628; x_wconf 87' lang='lat' dir='ltr'><strong>ad</strong></span> <span class='ocrx_word' id='word_1_100' title='bbox 794 1565 953 1630; x_wconf 87' lang='lat' dir='ltr'><strong>actionem</strong></span> <span class='ocrx_word' id='word_1_101' title='bbox 988 1565 1112 1631; x_wconf 87' lang='lat' dir='ltr'><strong>reterri.</strong></span> <span class='ocrx_word' id='word_1_102' title='bbox 1166 1565 1276 1650; x_wconf 84' lang='lat' dir='ltr'><strong>Atque</strong></span> <span class='ocrx_word' id='word_1_103' title='bbox 1307 1563 1410 1630; x_wconf 85' lang='lat' dir='ltr'><strong>verbe</strong></span> 
     </span>
     <span class='ocr_line' id='line_1_13' title="bbox 265 1666 1411 1757; baseline 0.002 -27"><span class='ocrx_word' id='word_1_104' title='bbox 265 1666 357 1734; x_wconf 89' lang='lat' dir='ltr'><strong>finito</strong></span> <span class='ocrx_word' id='word_1_105' title='bbox 394 1667 525 1756; x_wconf 90' lang='lat' dir='ltr'><strong>quidem</strong></span> <span class='ocrx_word' id='word_1_106' title='bbox 561 1668 747 1756; x_wconf 88' lang='lat' dir='ltr'><strong>primariam</strong></span> <span class='ocrx_word' id='word_1_107' title='bbox 784 1670 943 1735; x_wconf 87' lang='lat' dir='ltr'><strong>actionem</strong></span> <span class='ocrx_word' id='word_1_108' title='bbox 982 1669 1138 1757; x_wconf 85' lang='lat' dir='ltr'><strong>exprimi,</strong></span> <span class='ocrx_word' id='word_1_109' title='bbox 1181 1669 1411 1734; x_wconf 87' lang='lat' dir='ltr'><strong>secundariam</strong></span> 
     </span>
     <span class='ocr_line' id='line_1_14' title="bbox 265 1773 1412 1861; baseline -0.001 -24"><span class='ocrx_word' id='word_1_110' title='bbox 265 1779 374 1839; x_wconf 87' lang='lat' dir='ltr'><strong>autem</strong></span> <span class='ocrx_word' id='word_1_111' title='bbox 397 1775 577 1861; x_wconf 87' lang='lat' dir='ltr'><strong>participio.</strong></span> <span class='ocrx_word' id='word_1_112' title='bbox 635 1773 727 1847; x_wconf 84' lang='lat' dir='ltr'><strong>Quae</strong></span> <span class='ocrx_word' id='word_1_113' title='bbox 750 1773 777 1837; x_wconf 88' lang='lat' dir='ltr'><strong>ai</strong></span> <span class='ocrx_word' id='word_1_114' title='bbox 800 1774 950 1839; x_wconf 85' lang='lat' dir='ltr'><strong>camilla</strong></span> <span class='ocrx_word' id='word_1_115' title='bbox 974 1773 1070 1838; x_wconf 87' lang='lat' dir='ltr'><strong>duret</strong></span> <span class='ocrx_word' id='word_1_116' title='bbox 1088 1781 1187 1859; x_wconf 88' lang='lat' dir='ltr'><strong>atque</strong></span> <span class='ocrx_word' id='word_1_117' title='bbox 1209 1780 1412 1860; x_wconf 89' lang='lat' dir='ltr'><strong>permaneat·</strong></span> 
     </span>
     <span class='ocr_line' id='line_1_15' title="bbox 266 1879 1413 1966; baseline -0.002 -21"><span class='ocrx_word' id='word_1_118' title='bbox 266 1881 508 1964; x_wconf 75' lang='grc' dir='ltr'><strong>παρατακτικῶς</strong></span> <span class='ocrx_word' id='word_1_119' title='bbox 529 1880 713 1966; x_wconf 85' lang='lat' dir='ltr'><strong>praesentia</strong></span> <span class='ocrx_word' id='word_1_120' title='bbox 737 1880 891 1965; x_wconf 86' lang='lat' dir='ltr'><strong>temporis</strong></span> <span class='ocrx_word' id='word_1_121' title='bbox 923 1879 1094 1966; x_wconf 89' lang='lat' dir='ltr'><strong>participio</strong></span> <span class='ocrx_word' id='word_1_122' title='bbox 1126 1899 1200 1944; x_wconf 82' lang='lat' dir='ltr'><strong>erac</strong></span> <span class='ocrx_word' id='word_1_123' title='bbox 1232 1879 1413 1965; x_wconf 89' lang='lat' dir='ltr'><strong>exprimen-</strong></span> 
     </span>
     <span class='ocr_line' id='line_1_16' title="bbox 265 1981 1410 2070; baseline 0.001 -23"><span class='ocrx_word' id='word_1_124' title='bbox 265 1983 359 2067; x_wconf 86' lang='lat' dir='ltr'><strong>dam3</strong></span> <span class='ocrx_word' id='word_1_125' title='bbox 383 1986 409 2048; x_wconf 87' lang='lat' dir='ltr'><strong>si</strong></span> <span class='ocrx_word' id='word_1_126' title='bbox 435 1983 637 2069; x_wconf 83' lang='lat' dir='ltr'><strong>explicatura</strong></span> <span class='ocrx_word' id='word_1_127' title='bbox 660 2004 696 2048; x_wconf 85' lang='lat' dir='ltr'><strong>sc</strong></span> <span class='ocrx_word' id='word_1_128' title='bbox 719 1981 932 2070; x_wconf 84' lang='lat' dir='ltr'><strong>significanda</strong></span> <span class='ocrx_word' id='word_1_129' title='bbox 956 1985 1007 2065; x_wconf 88' lang='lat' dir='ltr'><strong>ait,</strong></span> <span class='ocrx_word' id='word_1_130' title='bbox 1030 1983 1139 2048; x_wconf 81' lang='lat' dir='ltr'><strong>futuro</strong></span> <span class='ocrx_word' id='word_1_131' title='bbox 1162 1992 1307 2070; x_wconf 85' lang='lat' dir='ltr'><strong>tompore</strong></span> <span class='ocrx_word' id='word_1_132' title='bbox 1330 2003 1410 2070; x_wconf 89' lang='lat' dir='ltr'><strong>opus</strong></span> 
     </span>
     <span class='ocr_line' id='line_1_17' title="bbox 267 2087 1409 2176; baseline -0.003 -22"><span class='ocrx_word' id='word_1_133' title='bbox 267 2110 358 2173; x_wconf 84' lang='lat' dir='ltr'><strong>csae;</strong></span> <span class='ocrx_word' id='word_1_134' title='bbox 390 2088 554 2176; x_wconf 86' lang='lat' dir='ltr'><strong>perfecto,</strong></span> <span class='ocrx_word' id='word_1_135' title='bbox 587 2090 613 2153; x_wconf 88' lang='lat' dir='ltr'><strong>ai</strong></span> <span class='ocrx_word' id='word_1_136' title='bbox 647 2087 725 2174; x_wconf 89' lang='lat' dir='ltr'><strong>quid</strong></span> <span class='ocrx_word' id='word_1_137' title='bbox 756 2087 798 2152; x_wconf 94' lang='lat' dir='ltr'><strong>ad</strong></span> <span class='ocrx_word' id='word_1_138' title='bbox 830 2089 988 2154; x_wconf 84' lang='lat' dir='ltr'><strong>actionem</strong></span> <span class='ocrx_word' id='word_1_139' title='bbox 1021 2090 1207 2176; x_wconf 89' lang='lat' dir='ltr'><strong>primariam</strong></span> <span class='ocrx_word' id='word_1_140' title='bbox 1230 2089 1409 2174; x_wconf 81' lang='lat' dir='ltr'><strong>perfectum</strong></span> 
     </span>
     <span class='ocr_line' id='line_1_18' title="bbox 265 2192 1411 2280; baseline -0.001 -22"><span class='ocrx_word' id='word_1_141' title='bbox 265 2193 434 2259; x_wconf 83' lang='lat' dir='ltr'><strong>referetur.</strong></span> <span class='ocrx_word' id='word_1_142' title='bbox 479 2193 511 2260; x_wconf 89' lang='lat' dir='ltr'><strong>Si</strong></span> <span class='ocrx_word' id='word_1_143' title='bbox 535 2215 693 2259; x_wconf 86' lang='lat' dir='ltr'><strong>veronen</strong></span> <span class='ocrx_word' id='word_1_144' title='bbox 713 2192 844 2276; x_wconf 87' lang='lat' dir='ltr'><strong>durans,</strong></span> <span class='ocrx_word' id='word_1_145' title='bbox 866 2215 930 2259; x_wconf 94' lang='lat' dir='ltr'><strong>non</strong></span> <span class='ocrx_word' id='word_1_146' title='bbox 953 2195 1110 2280; x_wconf 82' lang='lat' dir='ltr'><strong>perfecta,</strong></span> <span class='ocrx_word' id='word_1_147' title='bbox 1126 2215 1191 2258; x_wconf 89' lang='lat' dir='ltr'><strong>non</strong></span> <span class='ocrx_word' id='word_1_148' title='bbox 1209 2195 1318 2258; x_wconf 85' lang='lat' dir='ltr'><strong>futura</strong></span> <span class='ocrx_word' id='word_1_149' title='bbox 1337 2213 1411 2259; x_wconf 89' lang='lat' dir='ltr'><strong>con·</strong></span> 
     </span>
     <span class='ocr_line' id='line_1_19' title="bbox 266 2295 1412 2384; baseline 0 -22"><span class='ocrx_word' id='word_1_150' title='bbox 266 2298 360 2382; x_wconf 89' lang='lat' dir='ltr'><strong>dicio,</strong></span> <span class='ocrx_word' id='word_1_151' title='bbox 384 2297 442 2363; x_wconf 87' lang='lat' dir='ltr'><strong>scd</strong></span> <span class='ocrx_word' id='word_1_152' title='bbox 465 2306 621 2384; x_wconf 88' lang='lat' dir='ltr'><strong>punctum</strong></span> <span class='ocrx_word' id='word_1_153' title='bbox 641 2297 804 2384; x_wconf 80' lang='lat' dir='ltr'><strong>quoddam</strong></span> <span class='ocrx_word' id='word_1_154' title='bbox 824 2309 857 2364; x_wconf 84' lang='lat' dir='ltr'><strong>ct</strong></span> <span class='ocrx_word' id='word_1_155' title='bbox 875 2305 1072 2362; x_wconf 86' lang='lat' dir='ltr'><strong>momentum</strong></span> <span class='ocrx_word' id='word_1_156' title='bbox 1091 2295 1341 2384; x_wconf 83' lang='lat' dir='ltr'><strong>significandum</strong></span> <span class='ocrx_word' id='word_1_157' title='bbox 1360 2298 1412 2379; x_wconf 81' lang='lat' dir='ltr'><strong>ait,</strong></span> 
     </span>
     <span class='ocr_line' id='line_1_20' title="bbox 266 2400 1413 2490; baseline 0 -24"><span class='ocrx_word' id='word_1_158' title='bbox 266 2403 438 2490; x_wconf 85' lang='lat' dir='ltr'><strong>participio</strong></span> <span class='ocrx_word' id='word_1_159' title='bbox 460 2403 572 2467; x_wconf 87' lang='lat' dir='ltr'><strong>aor·isti</strong></span> <span class='ocrx_word' id='word_1_160' title='bbox 595 2401 753 2467; x_wconf 89' lang='lat' dir='ltr'><strong>utendum</strong></span> <span class='ocrx_word' id='word_1_161' title='bbox 777 2423 858 2470; x_wconf 79' lang='lat' dir='ltr'><strong>csse.</strong></span> <span class='ocrx_word' id='word_1_162' title='bbox 902 2401 949 2466; x_wconf 89' lang='lat' dir='ltr'><strong>At</strong></span> <span class='ocrx_word' id='word_1_163' title='bbox 971 2422 1029 2466; x_wconf 87' lang='lat' dir='ltr'><strong>noa</strong></span> <span class='ocrx_word' id='word_1_164' title='bbox 1049 2400 1190 2488; x_wconf 85' lang='lat' dir='ltr'><strong>quidem,</strong></span> <span class='ocrx_word' id='word_1_165' title='bbox 1209 2401 1295 2486; x_wconf 91' lang='lat' dir='ltr'><strong>qued</strong></span> <span class='ocrx_word' id='word_1_166' title='bbox 1313 2421 1413 2488; x_wconf 88' lang='lat' dir='ltr'><strong>pune·</strong></span> 
     </span>
     <span class='ocr_line' id='line_1_21' title="bbox 266 2507 1413 2590; baseline -0.002 -18"><span class='ocrx_word' id='word_1_167' title='bbox 266 2516 335 2573; x_wconf 92' lang='lat' dir='ltr'><strong>tum</strong></span> <span class='ocrx_word' id='word_1_168' title='bbox 358 2508 401 2572; x_wconf 92' lang='lat' dir='ltr'><strong>ad</strong></span> <span class='ocrx_word' id='word_1_169' title='bbox 424 2509 584 2572; x_wconf 81' lang='lat' dir='ltr'><strong>actionem</strong></span> <span class='ocrx_word' id='word_1_170' title='bbox 609 2507 705 2572; x_wconf 87' lang='lat' dir='ltr'><strong>aliam</strong></span> <span class='ocrx_word' id='word_1_171' title='bbox 737 2507 837 2572; x_wconf 85' lang='lat' dir='ltr'><strong>fixum</strong></span> <span class='ocrx_word' id='word_1_172' title='bbox 869 2508 1050 2590; x_wconf 86' lang='lat' dir='ltr'><strong>referatur,</strong></span> <span class='ocrx_word' id='word_1_173' title='bbox 1084 2508 1187 2572; x_wconf 87' lang='lat' dir='ltr'><strong>aolcre</strong></span> <span class='ocrx_word' id='word_1_174' title='bbox 1218 2513 1295 2571; x_wconf 90' lang='lat' dir='ltr'><strong>anto</strong></span> <span class='ocrx_word' id='word_1_175' title='bbox 1326 2507 1413 2571; x_wconf 86' lang='lat' dir='ltr'><strong>illam</strong></span> 
     </span>
     <span class='ocr_line' id='line_1_22' title="bbox 267 2611 1415 2700; baseline -0.003 -22"><span class='ocrx_word' id='word_1_176' title='bbox 267 2613 406 2700; x_wconf 86' lang='lat' dir='ltr'><strong>positum</strong></span> <span class='ocrx_word' id='word_1_177' title='bbox 429 2619 556 2698; x_wconf 86' lang='lat' dir='ltr'><strong>putare.</strong></span> <span class='ocrx_word' id='word_1_178' title='bbox 601 2611 647 2676; x_wconf 75' lang='lat' dir='ltr'><strong>At</strong></span> <span class='ocrx_word' id='word_1_179' title='bbox 670 2614 854 2677; x_wconf 86' lang='lat' dir='ltr'><strong>accuratius</strong></span> <span class='ocrx_word' id='word_1_180' title='bbox 873 2611 1067 2676; x_wconf 79' lang='lat' dir='ltr'><strong>deliberanti</strong></span> <span class='ocrx_word' id='word_1_181' title='bbox 1085 2612 1296 2697; x_wconf 86' lang='lat' dir='ltr'><strong>praeteritam</strong></span> <span class='ocrx_word' id='word_1_182' title='bbox 1316 2612 1415 2675; x_wconf 86' lang='lat' dir='ltr'><strong>cotio·</strong></span> 
     </span>
     <span class='ocr_line' id='line_1_23' title="bbox 267 2715 1414 2804; baseline -0.001 -23"><span class='ocrx_word' id='word_1_183' title='bbox 267 2738 341 2782; x_wconf 90' lang='lat' dir='ltr'><strong>nem</strong></span> <span class='ocrx_word' id='word_1_184' title='bbox 364 2717 535 2804; x_wconf 89' lang='lat' dir='ltr'><strong>participio</strong></span> <span class='ocrx_word' id='word_1_185' title='bbox 558 2718 668 2783; x_wconf 89' lang='lat' dir='ltr'><strong>aoristi</strong></span> <span class='ocrx_word' id='word_1_186' title='bbox 691 2716 813 2781; x_wconf 84' lang='lat' dir='ltr'><strong>nuttam</strong></span> <span class='ocrx_word' id='word_1_187' title='bbox 837 2716 1020 2803; x_wconf 76' lang='lat' dir='ltr'><strong>significari.</strong></span> <span class='ocrx_word' id='word_1_188' title='bbox 1076 2715 1142 2782; x_wconf 82' lang='lat' dir='ltr'><strong>Sed</strong></span> <span class='ocrx_word' id='word_1_189' title='bbox 1173 2718 1242 2781; x_wconf 82' lang='lat' dir='ltr'><strong>sive</strong></span> <span class='ocrx_word' id='word_1_190' title='bbox 1274 2736 1316 2782; x_wconf 88' lang='lat' dir='ltr'><strong>cx</strong></span> <span class='ocrx_word' id='word_1_191' title='bbox 1339 2735 1414 2781; x_wconf 88' lang='lat' dir='ltr'><strong>eon·</strong></span> 
     </span>
     <span class='ocr_line' id='line_1_24' title="bbox 268 2819 1415 2904; baseline -0.001 -19"><span class='ocrx_word' id='word_1_192' title='bbox 268 2820 442 2888; x_wconf 74' lang='lat' dir='ltr'><strong>suetudine</strong></span> <span class='ocrx_word' id='word_1_193' title='bbox 472 2822 676 2886; x_wconf 86' lang='lat' dir='ltr'><strong>narrantium</strong></span> <span class='ocrx_word' id='word_1_194' title='bbox 708 2822 777 2887; x_wconf 86' lang='lat' dir='ltr'><strong>sive</strong></span> <span class='ocrx_word' id='word_1_195' title='bbox 810 2842 850 2887; x_wconf 83' lang='lat' dir='ltr'><strong>ex</strong></span> <span class='ocrx_word' id='word_1_196' title='bbox 872 2823 903 2886; x_wconf 84' lang='lat' dir='ltr'><strong>vi</strong></span> <span class='ocrx_word' id='word_1_197' title='bbox 931 2819 1098 2887; x_wconf 80' lang='lat' dir='ltr'><strong>indicativi</strong></span> <span class='ocrx_word' id='word_1_198' title='bbox 1123 2825 1295 2904; x_wconf 62' lang='lat' dir='ltr'><strong>(mutuata)</strong></span> <span class='ocrx_word' id='word_1_199' title='bbox 1319 2821 1415 2885; x_wconf 86' lang='lat' dir='ltr'><strong>faeile</strong></span> 
     </span>
     <span class='ocr_line' id='line_1_25' title="bbox 268 2926 1416 3014; baseline -0.001 -23"><span class='ocrx_word' id='word_1_200' title='bbox 268 2926 370 3014; x_wconf 83' lang='lat' dir='ltr'><strong>sequi,</strong></span> <span class='ocrx_word' id='word_1_201' title='bbox 392 2935 430 2992; x_wconf 89' lang='lat' dir='ltr'><strong>ut</strong></span> <span class='ocrx_word' id='word_1_202' title='bbox 453 2946 524 2992; x_wconf 86' lang='lat' dir='ltr'><strong>cunr</strong></span> <span class='ocrx_word' id='word_1_203' title='bbox 548 2927 718 3013; x_wconf 90' lang='lat' dir='ltr'><strong>participio</strong></span> <span class='ocrx_word' id='word_1_204' title='bbox 741 2927 852 2992; x_wconf 86' lang='lat' dir='ltr'><strong>aoriati</strong></span> <span class='ocrx_word' id='word_1_205' title='bbox 876 2929 1038 2993; x_wconf 86' lang='lat' dir='ltr'><strong>sententia</strong></span> <span class='ocrx_word' id='word_1_206' title='bbox 1061 2928 1260 3014; x_wconf 86' lang='lat' dir='ltr'><strong>praeteritae</strong></span> <span class='ocrx_word' id='word_1_207' title='bbox 1279 2926 1416 2991; x_wconf 86' lang='lat' dir='ltr'><strong>aetionis</strong></span> 
     </span>
     <span class='ocr_line' id='line_1_26' title="bbox 270 3033 620 3120; baseline 0 -24"><span class='ocrx_word' id='word_1_208' title='bbox 270 3033 374 3097; x_wconf 81' lang='lat' dir='ltr'><strong>soleat</strong></span> <span class='ocrx_word' id='word_1_209' title='bbox 397 3033 560 3120; x_wconf 82' lang='lat' dir='ltr'><strong>coniungi.</strong></span> <span class='ocrx_word' id='word_1_210' title='bbox 580 3069 620 3080; x_wconf 93' lang='lat'>-</span> 
     </span>
    </p>
   </div>
   <div class='ocr_carea' id='block_1_2' title="bbox 268 3153 1421 3770">
    <p class='ocr_par' dir='ltr' id='par_1_3' title="bbox 268 3153 1421 3770">
     <span class='ocr_line' id='line_1_27' title="bbox 378 3153 1417 3243; baseline -0.004 -22"><span class='ocrx_word' id='word_1_211' title='bbox 378 3155 454 3221; x_wconf 85' lang='lat' dir='ltr'><strong>Jam</strong></span> <span class='ocrx_word' id='word_1_212' title='bbox 494 3155 575 3220; x_wconf 85' lang='lat' dir='ltr'><strong>actia</strong></span> <span class='ocrx_word' id='word_1_213' title='bbox 607 3154 694 3241; x_wconf 91' lang='lat' dir='ltr'><strong>quod</strong></span> <span class='ocrx_word' id='word_1_214' title='bbox 724 3155 801 3220; x_wconf 88' lang='lat' dir='ltr'><strong>rnibi</strong></span> <span class='ocrx_word' id='word_1_215' title='bbox 832 3175 1064 3243; x_wconf 80' lang='lat' dir='ltr'><strong>proposueram</strong></span> <span class='ocrx_word' id='word_1_216' title='bbox 1098 3155 1267 3242; x_wconf 89' lang='lat' dir='ltr'><strong>participio</strong></span> <span class='ocrx_word' id='word_1_217' title='bbox 1305 3153 1417 3219; x_wconf 86' lang='lat' dir='ltr'><strong>aoristi</strong></span> 
     </span>
     <span class='ocr_line' id='line_1_28' title="bbox 269 3259 1417 3347; baseline -0.001 -23"><span class='ocrx_word' id='word_1_218' title='bbox 269 3281 332 3324; x_wconf 91' lang='lat' dir='ltr'><strong>non</strong></span> <span class='ocrx_word' id='word_1_219' title='bbox 360 3261 465 3326; x_wconf 89' lang='lat' dir='ltr'><strong>solum</strong></span> <span class='ocrx_word' id='word_1_220' title='bbox 497 3259 627 3346; x_wconf 85' lang='lat' dir='ltr'><strong>prioris,</strong></span> <span class='ocrx_word' id='word_1_221' title='bbox 663 3259 722 3325; x_wconf 91' lang='lat' dir='ltr'><strong>sed</strong></span> <span class='ocrx_word' id='word_1_222' title='bbox 758 3259 856 3326; x_wconf 89' lang='lat' dir='ltr'><strong>etiarn</strong></span> <span class='ocrx_word' id='word_1_223' title='bbox 889 3260 1035 3326; x_wconf 86' lang='lat' dir='ltr'><strong>ciusdem</strong></span> <span class='ocrx_word' id='word_1_224' title='bbox 1069 3261 1224 3347; x_wconf 88' lang='lat' dir='ltr'><strong>temporis</strong></span> <span class='ocrx_word' id='word_1_225' title='bbox 1256 3259 1417 3326; x_wconf 82' lang='lat' dir='ltr'><strong>actionem</strong></span> 
     </span>
     <span class='ocr_line' id='line_1_29' title="bbox 269 3363 1418 3452; baseline -0.002 -22"><span class='ocrx_word' id='word_1_226' title='bbox 269 3364 445 3452; x_wconf 81' lang='lat' dir='ltr'><strong>significari</strong></span> <span class='ocrx_word' id='word_1_227' title='bbox 468 3363 743 3431; x_wconf 86' lang='lat' dir='ltr'><strong>demonstravisse</strong></span> <span class='ocrx_word' id='word_1_228' title='bbox 766 3365 842 3430; x_wconf 91' lang='lat' dir='ltr'><strong>mihi</strong></span> <span class='ocrx_word' id='word_1_229' title='bbox 865 3365 985 3432; x_wconf 89' lang='lat' dir='ltr'><strong>videor.</strong></span> <span class='ocrx_word' id='word_1_230' title='bbox 1038 3365 1237 3431; x_wconf 86' lang='lat' dir='ltr'><strong>Rectissime</strong></span> <span class='ocrx_word' id='word_1_231' title='bbox 1260 3365 1360 3450; x_wconf 88' lang='lat' dir='ltr'><strong>igitur</strong></span> <span class='ocrx_word' id='word_1_232' title='bbox 1382 3384 1418 3428; x_wconf 86' lang='lat' dir='ltr'><strong>se</strong></span> 
     </span>
     <span class='ocr_line' id='line_1_30' title="bbox 268 3469 1419 3556; baseline -0.002 -22"><span class='ocrx_word' id='word_1_233' title='bbox 268 3469 379 3554; x_wconf 80' lang='lat' dir='ltr'><strong>habat,</strong></span> <span class='ocrx_word' id='word_1_234' title='bbox 402 3469 490 3556; x_wconf 89' lang='lat' dir='ltr'><strong>quod</strong></span> <span class='ocrx_word' id='word_1_235' title='bbox 513 3469 704 3555; x_wconf 81' lang='lat' dir='ltr'><strong>Akenius²)</strong></span> <span class='ocrx_word' id='word_1_236' title='bbox 727 3471 774 3535; x_wconf 89' lang='lat' dir='ltr'><strong>ita</strong></span> <span class='ocrx_word' id='word_1_237' title='bbox 796 3471 865 3536; x_wconf 88' lang='lat' dir='ltr'><strong>sore</strong></span> <span class='ocrx_word' id='word_1_238' title='bbox 888 3469 1002 3538; x_wconf 89' lang='lat' dir='ltr'><strong>docet:</strong></span> <span class='ocrx_word' id='word_1_239' title='bbox 1025 3472 1058 3534; x_wconf 91' lang='lat' dir='ltr'><strong>in</strong></span> <span class='ocrx_word' id='word_1_240' title='bbox 1081 3471 1322 3535; x_wconf 83' lang='lat' dir='ltr'><strong>constructione</strong></span> <span class='ocrx_word' id='word_1_241' title='bbox 1344 3489 1419 3555; x_wconf 86' lang='lat' dir='ltr'><strong>par·</strong></span> 
     </span>
     <span class='ocr_line' id='line_1_31' title="bbox 269 3573 1419 3664; baseline -0.002 -24"><span class='ocrx_word' id='word_1_242' title='bbox 269 3575 405 3664; x_wconf 86' lang='lat' dir='ltr'><strong>tioipiaii</strong></span> <span class='ocrx_word' id='word_1_243' title='bbox 429 3576 600 3664; x_wconf 89' lang='lat' dir='ltr'><strong>participio</strong></span> <span class='ocrx_word' id='word_1_244' title='bbox 625 3575 737 3641; x_wconf 87' lang='lat' dir='ltr'><strong>aoriati</strong></span> <span class='ocrx_word' id='word_1_245' title='bbox 760 3596 907 3663; x_wconf 89' lang='lat' dir='ltr'><strong>eaquae</strong></span> <span class='ocrx_word' id='word_1_246' title='bbox 931 3583 1007 3642; x_wconf 89' lang='lat' dir='ltr'><strong>autc</strong></span> <span class='ocrx_word' id='word_1_247' title='bbox 1030 3575 1190 3642; x_wconf 86' lang='lat' dir='ltr'><strong>actionem</strong></span> <span class='ocrx_word' id='word_1_248' title='bbox 1212 3573 1303 3641; x_wconf 80' lang='lat' dir='ltr'><strong>verbi</strong></span> <span class='ocrx_word' id='word_1_249' title='bbox 1335 3573 1419 3638; x_wconf 79' lang='lat' dir='ltr'><strong>finiti</strong></span> 
     </span>
     <span class='ocr_line' id='line_1_32' title="bbox 270 3677 1421 3770; baseline -0.003 -23"><span class='ocrx_word' id='word_1_250' title='bbox 270 3681 457 3748; x_wconf 79' lang='lat' dir='ltr'><strong>factasunt</strong></span> <span class='ocrx_word' id='word_1_251' title='bbox 481 3680 708 3770; x_wconf 79' lang='lat' dir='ltr'><strong>significantur</strong></span> <span class='ocrx_word' id='word_1_252' title='bbox 729 3683 771 3749; x_wconf 93' lang='lat' dir='ltr'><strong>ob</strong></span> <span class='ocrx_word' id='word_1_253' title='bbox 795 3702 866 3747; x_wconf 90' lang='lat' dir='ltr'><strong>cam</strong></span> <span class='ocrx_word' id='word_1_254' title='bbox 890 3701 1032 3766; x_wconf 84' lang='lat' dir='ltr'><strong>caueam,</strong></span> <span class='ocrx_word' id='word_1_255' title='bbox 1056 3677 1237 3767; x_wconf 86' lang='lat' dir='ltr'><strong>quodcum</strong></span> <span class='ocrx_word' id='word_1_256' title='bbox 1261 3679 1346 3746; x_wconf 87' lang='lat' dir='ltr'><strong>aetio</strong></span> <span class='ocrx_word' id='word_1_257' title='bbox 1369 3699 1421 3744; x_wconf 87' lang='lat' dir='ltr'><strong>se·</strong></span> 
     </span>
    </p>
   </div>
   <div class='ocr_carea' id='block_1_3' title="bbox 375 3907 1420 4072">
    <p class='ocr_par' dir='ltr' id='par_1_4' title="bbox 375 3907 1420 4072">
     <span class='ocr_line' id='line_1_33' title="bbox 379 3907 1228 3982; baseline -0.008 -15"><span class='ocrx_word' id='word_1_258' title='bbox 379 3913 400 3982; x_wconf 84' lang='lat'><strong>¹)</strong></span> <span class='ocrx_word' id='word_1_259' title='bbox 420 3911 572 3979; x_wconf 82' lang='lat' dir='ltr'><strong>Curtius,</strong></span> <span class='ocrx_word' id='word_1_260' title='bbox 590 3909 690 3964; x_wconf 76' lang='lat' dir='ltr'><strong>Erliut.</strong></span> <span class='ocrx_word' id='word_1_261' title='bbox 709 3927 743 3964; x_wconf 84' lang='lat' dir='ltr'><strong>zu</strong></span> <span class='ocrx_word' id='word_1_262' title='bbox 762 3927 798 3966; x_wconf 89' lang='grc' dir='ltr'>ιιι.</span> <span class='ocrx_word' id='word_1_263' title='bbox 818 3925 857 3980; x_wconf 73' lang='lat' dir='ltr'><strong>gr.</strong></span> <span class='ocrx_word' id='word_1_264' title='bbox 876 3907 1071 3979; x_wconf 79' lang='lat' dir='ltr'><strong>Schrtlgrunnn.</strong></span> <span class='ocrx_word' id='word_1_265' title='bbox 1090 3925 1148 3980; x_wconf 81' lang='lat' dir='ltr'><strong>pag.</strong></span> <span class='ocrx_word' id='word_1_266' title='bbox 1169 3907 1228 3962; x_wconf 68' lang='lat' dir='ltr'><strong>teo.</strong></span> 
     </span>
     <span class='ocr_line' id='line_1_34' title="bbox 375 3993 1420 4072; baseline -0.008 -16"><span class='ocrx_word' id='word_1_267' title='bbox 375 4000 396 4069; x_wconf 86' lang='lat'><strong>²)</strong></span> <span class='ocrx_word' id='word_1_268' title='bbox 414 4001 522 4070; x_wconf 76' lang='lat' dir='ltr'><strong>Aion,</strong></span> <span class='ocrx_word' id='word_1_269' title='bbox 544 3999 674 4072; x_wconf 80' lang='lat' dir='ltr'><strong>Tempora</strong></span> <span class='ocrx_word' id='word_1_270' title='bbox 696 4015 723 4054; x_wconf 82' lang='lat' dir='ltr'><strong>u.</strong></span> <span class='ocrx_word' id='word_1_271' title='bbox 741 3997 813 4054; x_wconf 79' lang='lat' dir='ltr'><strong>Medi</strong></span> <span class='ocrx_word' id='word_1_272' title='bbox 837 3997 873 4052; x_wconf 89' lang='lat' dir='ltr'><strong>im</strong></span> <span class='ocrx_word' id='word_1_273' title='bbox 898 3997 1003 4052; x_wconf 82' lang='lat' dir='ltr'><strong>Grtoch.</strong></span> <span class='ocrx_word' id='word_1_274' title='bbox 1022 3997 1057 4066; x_wconf 86' lang='lat' dir='ltr'><strong>(t.</strong></span> <span class='ocrx_word' id='word_1_275' title='bbox 1077 3995 1184 4066; x_wconf 65' lang='lat' dir='ltr'><strong>Hatita),</strong></span> <span class='ocrx_word' id='word_1_276' title='bbox 1210 3997 1331 4050; x_wconf 79' lang='lat' dir='ltr'><strong>Gtiatron</strong></span> <span class='ocrx_word' id='word_1_277' title='bbox 1352 3993 1420 4048; x_wconf 78' lang='grc'>1858</span> 
     </span>
    </p>
   </div>
   <div class='ocr_carea' id='block_1_4' title="bbox 269 4087 398 4166">
    <p class='ocr_par' dir='ltr' id='par_1_5' title="bbox 269 4087 398 4166">
     <span class='ocr_line' id='line_1_35' title="bbox 269 4087 398 4166; baseline 0.047 -10"><span class='ocrx_word' id='word_1_278' title='bbox 269 4087 339 4166; x_wconf 70' lang='lat' dir='ltr'><strong>tras·</strong></span> <span class='ocrx_word' id='word_1_279' title='bbox 360 4091 398 4162; x_wconf 80' lang='lat' dir='ltr'><strong>6t·</strong></span> 
     </span>
    </p>
   </div>
   <div class='ocr_carea' id='block_1_5' title="bbox 0 0 1607 4900">
    <p class='ocr_par' dir='ltr' id='par_1_6' title="bbox 0 0 1607 4900">
     <span class='ocr_line' id='line_1_36' title="bbox 0 0 1607 4900; baseline 0 0"><span class='ocrx_word' id='word_1_280' title='bbox 0 0 1607 4900; x_wconf 95' lang='lat' dir='ltr'><strong> </strong></span> 
     </span>
    </p>
   </div>
  </div>
 </body>
</html>
