3172 4902
766 302 784 364 '1

201 507 316 596 pletnr.
361 506 498 584 Quaerit
519 514 631 575 antem
654 507 715 576 hoc
736 509 807 576 looo
823 507 986 575 Herculea
1010 529 1051 574 ex
1069 506 1218 597 Megara,
1240 513 1348 576 utrum

200 611 309 701 Ilyoua
331 665 338 680 .
362 665 398 680 ..
431 613 632 680 interfecerit
667 615 766 679 armis
807 613 935 680 obviam
970 612 1042 679 iens
1075 635 1117 679 an
1151 619 1346 700 aegrotante
1427 623 1430 626 '

200 723 296 786 terra.
346 719 471 786 Aorieti
494 718 699 807 participium
723 719 756 783 in
779 718 958 806 posteriore
988 718 1134 784 membro
1165 717 1346 784 adhibitum

201 844 273 889 esee
297 821 450 910 equidem
472 829 552 910 puto
574 820 707 888 adrem
729 820 806 887 huic
828 822 1000 909 participio
1026 822 1209 888 subiectam
1240 823 1347 910 magis

199 926 437 994 illustrandam.
480 927 542 992 Est
565 927 650 993 enim
672 924 760 1013 qnod
783 947 825 991 ex
848 947 945 992 versu
963 927 1027 993 543
1051 925 1187 1011 (ardua)
1207 926 1347 993 efficitur

198 1032 282 1099 haec
304 1031 500 1100 secundaria
522 1053 575 1098 res
598 1051 675 1097 vere
697 1051 769 1098 oum
791 1031 892 1098 verbo
914 1031 1005 1098 linito
1027 1033 1211 1102 coniuncta.

302 1135 370 1203 Sed
391 1137 508 1219 timeo,
540 1157 582 1202 ne
613 1135 842 1203 benevolentia
873 1137 1052 1223 legentium
1082 1136 1170 1204 huno
1199 1137 1346 1203 libellum

197 1241 365 1328 fatigetur.
410 1240 607 1306 dinumerari
628 1239 712 1306 satis
735 1248 830 1321 nota,
861 1262 904 1306 ne
925 1241 1006 1328 quid
1027 1241 1184 1328 opusculo
1206 1239 1250 1306 ad
1271 1263 1344 1329 per·

194 1347 372 1414 lectionem
389 1346 531 1413 deesset.
566 1346 696 1429 Restat,
713 1346 976 1429 utRieckheri1)
995 1347 1193 1412 sententiam
1212 1346 1345 1430 diluam,

197 1453 253 1539 qui
275 1474 318 1518 ne
339 1450 525 1518 huiusmodi
548 1450 681 1538 quidem
698 1452 870 1517 verborum
890 1451 1012 1518 aoristo
1030 1453 1190 1519 actionem
1209 1453 1347 1540 exprimi

195 1556 395 1623 inridentem
417 1555 576 1639 concedit,
599 1553 659 1621 sed
680 1555 778 1621 huius
801 1557 955 1643 temporis
978 1557 1042 1622 vim
1066 1563 1165 1643 atque
1195 1564 1345 1623 naturam

197 1682 270 1728 esre
302 1681 399 1748 quam
430 1667 525 1728 vocat
554 1666 815 1727 momentaneam
847 1659 1023 1728 contendit.
1067 1662 1114 1727 At
1134 1663 1190 1727 ille
1213 1661 1345 1749 quidem

195 1787 260 1833 non
282 1766 519 1853 interpretatur
540 1765 649 1832 verbis
672 1785 770 1852 quam
793 1765 890 1831 unius
921 1766 1077 1832 momenti
1107 1769 1268 1833 actionem
1288 1755 1346 1832 'in-

194 1872 351 1960 tellegat3
386 1869 448 1937 sed
476 1892 550 1937 oum
582 1870 714 1936 duranti
747 1871 867 1937 actioni
899 1878 1044 1959 opponat
1073 1880 1344 1957 momentaneam,

193 1996 263 2042 rem
296 1976 378 2061 (sive
409 1997 445 2042 re
475 1996 554 2041 vera
588 1976 658 2042 eive
688 1976 901 2062 cogitatione)
933 1976 1084 2043 celeriter
1119 1983 1344 2045 transeuntem

194 2082 387 2168 intellegere
409 2078 548 2163 videtur,
570 2080 604 2145 in
621 2100 718 2166 quem
738 2100 881 2146 errorem
900 2080 1085 2164 anhlius2)
1102 2080 1227 2148 incidit.
1257 2082 1344 2148 Nam

193 2185 247 2252 hio
267 2182 400 2271 quidem
423 2187 726 2266 „momentanenm“
750 2205 869 2249 nomen
892 2184 1128 2272 interpretatus
1151 2185 1231 2252 dicit
1261 2187 1344 2254 haec

193 2289 280 2358 lere:
313 2289 489 2355 nonnullae
512 2288 656 2354 actiones
679 2309 719 2354 ea
742 2288 901 2354 brevitate
924 2295 1009 2367 eunt,
1041 2297 1078 2355 nt
1098 2311 1165 2355 nno
1187 2293 1341 2378 temporis

193 2400 356 2462 momento
378 2393 589 2481 perficiantur
619 2394 732 2481 itaque
763 2394 894 2460 omnino
926 2395 1083 2482 explicari
1113 2416 1178 2462 non
1205 2397 1340 2483 possint.

193 2499 327 2566 Curtius
336 2498 361 2584 ³)
395 2505 505 2564 autem
529 2504 562 2564 st
584 2499 743 2564 aoriatnm
764 2500 954 2566 universnm
978 2507 1011 2565 et
1034 2499 1098 2567 duo
1122 2502 1192 2568 eius
1214 2522 1340 2588 genera

192 2604 453 2693 praeclarissime
476 2602 591 2669 definit
621 2605 827 2690 illustratque
858 2605 1001 2692 imagine
1031 2607 1139 2672 lineae
1163 2614 1196 2672 et
1219 2608 1340 2694 puncti.

191 2709 328 2775 Lineam
352 2709 438 2775 enim
459 2711 694 2796 interpretatur
715 2709 877 2776 actionem
908 2708 1080 2776 durantem
1112 2718 1146 2776 et
1178 2733 1214 2776 se
1238 2712 1341 2799 expli-

191 2822 320 2884 cantem
353 2818 495 2901 (tempns
526 2835 685 2902 praesens
720 2820 753 2879 et
783 2815 1029 2901 imperfectum).
1084 2816 1195 2903 thue
1226 2819 1338 2905 puncti

190 2919 280 2987 nulla
303 2920 495 2986 extenuatio
518 2920 570 3002 sit,
601 2919 648 2984 ita
671 2941 730 3007 per
753 2921 909 2985 aoristum
932 2921 1054 2986 nnllam
1078 2922 1214 2987 actionis
1238 2923 1340 3010 expli·

190 3026 352 3092 ostionem
375 3023 560 3112 significari.
605 3024 715 3089 Primo
737 3030 848 3090 autem
871 3032 992 3112 puncto
1013 3027 1120 3092 lineae
1141 3025 1340 3113 respondere

191 3130 349 3197 aoristnm
372 3129 589 3217 ingressirnm
609 3132 717 3215 (quem
735 3129 927 3217 Krnegerue
947 3137 1042 3198 vocat
1058 3131 1292 3216 inchoativum)
1303 3132 1339 3215 4),

190 3236 244 3303 oui
264 3233 428 3301 contraria
449 3233 502 3315 sit,
525 3234 552 3296 si
574 3233 622 3298 ita
645 3231 754 3298 dicere
784 3231 878 3316 llcst‚
911 3233 1041 3302 duratio
1063 3236 1154 3301 velut
1176 3234 1283 3322 ἄρχειν
1305 3242 1339 3303 et

190 3339 293 3426 ἄρξαι.
337 3335 446 3403 Finali
468 3343 579 3402 antem
601 3337 709 3402 lineae
731 3343 851 3424 puncto
874 3340 1039 3426 oppositos
1063 3361 1137 3406 esse
1160 3348 1338 3428 apparatus

190 3443 327 3511 eodonis
349 3443 441 3509 velut
462 3439 550 3526 ἄγειν
572 3442 603 3525 (ἱ.
622 3462 649 3508 s.
666 3441 826 3507 trahendo
849 3442 1026 3528 abducere)
1051 3452 1084 3511 et
1105 3443 1234 3530 ἀγαγεῖν
1255 3447 1286 3530 (i.
1311 3469 1336 3512 e.

188 3570 267 3617 raro
288 3545 475 3629 abducere).
519 3547 593 3613 Hoc
611 3547 748 3612 alterum
767 3548 878 3612 aoristi
895 3569 1000 3634 genus
1017 3551 1164 3616 nominat
1182 3551 1338 3616 aoristum

293 3725 314 3795 ¹)
334 3722 600 3820 Rieekherguoer
616 3720 688 3776 Part.
699 3722 746 3776 des
763 3739 802 3793 gr.
817 3723 926 3792 Aemate,
945 3724 1046 3796 Progn,
1064 3724 1219 3795 Heilbronn,
1239 3733 1263 3782 1.
1281 3727 1336 3781 Toil

189 3815 258 3871 18⁵2
277 3808 627 3969 (ξῖἕΡῐΙιῗΞίΙῗΒῖἓΐηίιῗιῗὲ
643 3810 837 3967 dddgddddtus,
856 3900 955 3972 Panga,
973 3901 1175 3958 Dresden1867
1196 3903 1266 3972 (pag.
1280 3903 1336 3973 12).

292 3989 314 4057 ³)
332 3985 603 4055 Curtius‚1⁴irltut
624 3985 695 4057 (pag.
715 3985 767 4040 184
783 3987 842 4058 sq.).

292 4075 313 4143 ⁴)
332 4073 472 4145 Kriiger,
491 4089 530 4144 gr.
549 4071 733 4142 Sprachlehre
752 4074 776 4129 5.
795 4073 866 4129 Anfl.
888 4075 912 4145 (ἕ
930 4077 972 4143 53,
993 4077 1018 4145 5,
1038 4076 1074 4142 1).
