3172 4902
608 300 815 434 „c-

182 537 279 632 Soph.
302 543 385 610 Phil.
409 542 503 610 1398.
525 538 548 607 ἅ
569 541 599 608 δ’
619 542 736 632 ᾔνεσας
755 567 810 628 μοι
832 544 939 619 δεξιοῖς
961 539 1037 633 ἐμῆς
1058 534 1161 625 θιγών
1183 592 1189 606 .

139 649 404 716 Instrumentalis
427 655 537 714 autem
559 651 608 714 vis
631 650 791 717 comitur:

184 754 279 842 Soph.
302 753 385 820 Phil.
408 753 481 820 931.
547 751 767 843 ἀπεστέρηκας
788 751 845 820 τὸν
866 759 936 837 βίον
957 751 998 818 τοὶ
1021 749 1087 828 τόξ’
1108 750 1188 818 ἑλών
1211 804 1217 817 .
1240 791 1282 800 «-

245 874 310 940 Sed
333 875 485 962 quoniam
509 895 551 940 ex
572 876 623 940 his
643 875 801 962 exemplis
820 875 901 938 satis
921 878 1059 961 apparot
1082 893 1145 938 nen
1168 874 1284 961 prioris
1332 911 1334 915 ·

140 980 295 1067 temporis
318 999 417 1066 quom
434 979 593 1047 actionem
608 980 699 1046 vorbi
719 979 801 1044 finiti
820 999 893 1043 esse
912 998 994 1061 eam,
1013 997 1098 1062 quae
1113 979 1285 1066 participio

141 1084 255 1149 aoristi
278 1084 495 1172 exprimatur,
527 1085 593 1149 iam
625 1081 667 1149 ad
700 1083 789 1150 aliud
821 1082 1063 1170 participiorum
1085 1103 1192 1168 genus
1214 1105 1286 1170 pro·
1376 1137 1378 1143 Α

141 1187 281 1276 gradior.
305 1227 347 1236 —

248 1414 277 1482 d.
300 1414 556 1504 Partioipia
579 1415 743 1482 coristi
766 1414 1055 1502 significant,
1078 1436 1160 1501 qua
1184 1419 1224 1482 in
1243 1438 1286 1482 re

35 1529 39 1535 ’
144 1521 263 1587 actio
285 1521 409 1587 verbi
432 1521 562 1587 finiti
585 1521 863 1608 potissimum
887 1518 1104 1587 videatur.

247 1623 321 1691 Hoc
344 1625 586 1714 participiorum
607 1646 714 1714 genus
734 1624 774 1708 ei,
796 1623 998 1710 quodmodo
1016 1626 1164 1710 tractavi,
1184 1627 1288 1693 simile

146 1736 206 1812 est,
229 1751 267 1796 eo
288 1736 397 1798 tamen
421 1732 463 1798 ab
486 1731 636 1797 omnibus
658 1730 820 1818 prioribus
844 1728 1021 1816 discrepat,
1043 1730 1130 1817 quod
1152 1733 1287 1798 verbum
1387 1767 1390 1776 ·

146 1833 273 1901 finitum
295 1844 328 1901 et
350 1836 556 1925 participium
575 1835 617 1901 ad
637 1833 775 1901 eandem
791 1836 948 1901 actionem
968 1836 1142 1922 pertinent.
1177 1835 1290 1903 Verbo

147 1937 237 2004 finito
260 1940 345 2006 enim
367 1962 420 2007 res
442 1940 594 2007 univorsa
617 1939 838 2027 prehenditur,
869 1938 1040 2027 participio
1061 1941 1288 2027 gravissimum

146 2048 343 2111 momontum
364 2044 417 2110 rel
439 2066 564 2111 summa
586 2045 672 2110 illius
695 2045 742 2110 rei
765 2044 957 2110 continetur.

249 2148 304 2214 Ad
327 2169 422 2236 quem
444 2170 541 2216 usum
564 2147 766 2236 probandum
790 2149 873 2216 hacc
895 2150 1045 2237 exempla
1069 2149 1225 2216 afferam:

190 2253 310 2321 Aeseh.
334 2251 477 2342 Ohoeph.
502 2255 574 2323 395.
597 2251 676 2331 Ζεύς
698 2253 753 2320 ἐπὶ
774 2259 862 2340 χεῖρα
883 2252 984 2339 βάλοι,

251 2360 313 2443 φεῦ
334 2362 409 2446 φεῖ,
439 2358 565 2445 κάρανα
588 2361 722 2459 δαΐξαςὲ

147 2484 262 2529 manus
281 2463 394 2530 iniciat
412 2463 567 2552 Juppiter
585 2463 869 2552 Clytaemnestrae
889 2470 922 2528 et
938 2461 1098 2551 Aegistho
1117 2484 1292 2552 eorumque

148 2569 258 2656 capita
281 2567 467 2634 discindat?

251 2671 368 2739 Latius
390 2680 497 2763 patet,
528 2674 616 2761 quod
638 2675 737 2740 verbo
760 2674 851 2739 finito
874 2673 1076 2756 continetur,
1109 2676 1293 2763 angustius,

149 2777 236 2865 quod
266 2779 438 2867 participio
469 2778 638 2845 indicatur.
692 2779 791 2844 Nulla
825 2783 876 2845 est
906 2778 938 2843 in
969 2773 1031 2842 hoe
1063 2780 1293 2866 exempleant

148 2884 236 2972 prior
258 2890 315 2948 aut
336 2885 516 2971 praeterita
539 2885 640 2968 actio,
664 2905 738 2948 nam
761 2903 827 2948 una
849 2883 978 2948 omnino
997 2883 1082 2948 cotio
1099 2883 1294 2968 conticetur,

150 3009 235 3077 quae
256 3008 322 3055 uno
342 2990 497 3076 temperie
520 2998 682 3055 momento
703 2987 869 3078 perficitur
891 2987 952 3070 vei,
975 2993 1013 3053 ut
1030 2988 1133 3075 ipsius
1152 2988 1258 3056 Curtii
1271 2989 1292 3073 ¹)

150 3093 259 3160 verbio
280 3100 373 3159 utar:
403 3094 484 3177 „auf
504 3095 599 3161 einen
621 3093 742 3180 Sehlag
765 3094 933 3180 volizogen
956 3091 1068 3157 wird.“
1119 3093 1172 3158 De
1197 3095 1294 3159 tmesi

150 3219 299 3286 praepos.
330 3199 387 3264 cir.
410 3198 578 3281 Kuehner,
602 3198 755 3264 ausffihrl.
778 3197 920 3263 Gramm.
944 3197 961 3278 ξ
985 3198 1059 3280 445,
1084 3198 1111 3262 ὗ.
1134 3236 1175 3245 -

194 3289 397 3390 AeschsAg.
420 3303 514 3371 1501.
535 3300 623 3368 τοῦδ’
645 3301 662 3367 ὁ
685 3300 822 3380 παλαιὸς
844 3299 953 3388 dergicis
974 3299 1124 3387 ἀλάστωρ

254 3407 377 3496 Ἀτρέως
397 3410 542 3492 χαλεποῦ
563 3412 755 3500 Ιθοινατῆρος

307 3511 394 3582 τόνδ’
415 3511 570 3582 ἀπέτισεν

256 3621 365 3686 τέλεον
385 3624 508 3707 νεαροῖς
530 3618 700 3696 inrideas.
937 3688 939 3694 ,

155 3721 414 3813 Clytaemnestra
437 3747 456 3790 a
479 3747 516 3792 se
537 3724 744 3814 parricidium
767 3722 860 3788 reicit
880 3741 1006 3810 negans
1029 3742 1065 3788 se
1087 3721 1193 3809 ipsam
1214 3721 1295 3788 iilud

152 3830 354 3918 patravisse,
386 3829 612 3898 seductorem
634 3830 728 3895 Atrei
760 3829 897 3894 ultorem
929 3825 1096 3894 addidisse
1129 3833 1162 3892 ot
1183 3827 1296 3893 immo·

152 3935 461 4002 larissaeum...
955 3939 958 3942 ’

260 4129 281 4200 ²)
300 4128 447 4198 Curtius,
464 4127 564 4183 Erltut.
582 4143 617 4185 ao
634 4145 670 4183 m.
689 4143 728 4198 gr.
747 4125 942 4198 Sohulgramm.
960 4140 1019 4197 pag.
1038 4123 1098 4180 182.
