<?xml version="1.0" encoding="UTF-8"?>
<!DOCTYPE html PUBLIC "-//W3C//DTD XHTML 1.0 Transitional//EN"
    "http://www.w3.org/TR/xhtml1/DTD/xhtml1-transitional.dtd">
<html xmlns="http://www.w3.org/1999/xhtml" xml:lang="en" lang="en">
 <head>
  <title>
</title>
<meta http-equiv="Content-Type" content="text/html;charset=utf-8" />
  <meta name='ocr-system' content='tesseract 3.04.00' />
  <meta name='ocr-capabilities' content='ocr_page ocr_carea ocr_par ocr_line ocrx_word'/>
</head>
<body>
  <div class='ocr_page' id='page_1' title='image "./detemporisinter00schugoog_0042.png"; bbox 0 0 3172 4902; ppageno 0'>
   <div class='ocr_carea' id='block_1_1' title="bbox 695 319 737 416">
    <p class='ocr_par' dir='ltr' id='par_1_1' title="bbox 695 319 737 416">
     <span class='ocr_line' id='line_1_1' title="bbox 695 319 737 416; baseline -0.048 0"><span class='ocrx_word' id='word_1_1' title='bbox 695 319 737 416; x_wconf 78' lang='lat'>33</span> 
     </span>
    </p>
   </div>
   <div class='ocr_carea' id='block_1_2' title="bbox 146 552 1310 3986">
    <p class='ocr_par' dir='ltr' id='par_1_2' title="bbox 188 552 1156 747">
     <span class='ocr_line' id='line_1_2' title="bbox 188 552 1156 644; baseline -0.001 -21"><span class='ocrx_word' id='word_1_2' title='bbox 188 558 306 623; x_wconf 79' lang='lat' dir='ltr'>Aesoh.</span> <span class='ocrx_word' id='word_1_3' title='bbox 329 557 416 644; x_wconf 80' lang='lat' dir='ltr'>Sept.</span> <span class='ocrx_word' id='word_1_4' title='bbox 440 555 511 623; x_wconf 84' lang='lat' dir='ltr'>adv.</span> <span class='ocrx_word' id='word_1_5' title='bbox 533 556 637 622; x_wconf 84' lang='lat' dir='ltr'>Theb.</span> <span class='ocrx_word' id='word_1_6' title='bbox 661 556 733 624; x_wconf 81' lang='lat'>753.</span> <span class='ocrx_word' id='word_1_7' title='bbox 757 609 764 622; x_wconf 88' lang='lat'>.</span> <span class='ocrx_word' id='word_1_8' title='bbox 787 609 793 622; x_wconf 95' lang='lat'>.</span> <span class='ocrx_word' id='word_1_9' title='bbox 815 552 890 620; x_wconf 81' lang='grc' dir='ltr'><strong><em>ὅστε</em></strong></span> <span class='ocrx_word' id='word_1_10' title='bbox 911 555 1031 640; x_wconf 78' lang='grc' dir='ltr'><strong><em>γιατρός</em></strong></span> <span class='ocrx_word' id='word_1_11' title='bbox 1053 555 1156 640; x_wconf 85' lang='grc' dir='ltr'><strong><em>άγνάν</em></strong></span> 
     </span>
     <span class='ocr_line' id='line_1_3' title="bbox 250 658 770 747; baseline -0.002 -20"><span class='ocrx_word' id='word_1_12' title='bbox 250 667 383 746; x_wconf 79' lang='grc' dir='ltr'><strong><em>σπείρας</em></strong></span> <span class='ocrx_word' id='word_1_13' title='bbox 404 659 553 747; x_wconf 83' lang='grc' dir='ltr'><strong><em>άροσραν,</em></strong></span> <span class='ocrx_word' id='word_1_14' title='bbox 576 658 615 726; x_wconf 76' lang='grc' dir='ltr'><strong><em>ἵν’</em></strong></span> <span class='ocrx_word' id='word_1_15' title='bbox 638 659 770 747; x_wconf 75' lang='grc' dir='ltr'><strong><em>ἐτράφη,</em></strong></span> 
     </span>
    </p>

    <p class='ocr_par' dir='ltr' id='par_1_3' title="bbox 250 764 590 850">
     <span class='ocr_line' id='line_1_4' title="bbox 250 764 590 850; baseline 0 -20"><span class='ocrx_word' id='word_1_16' title='bbox 250 770 341 850; x_wconf 82' lang='grc' dir='ltr'><strong><em>ῥίζαν</em></strong></span> <span class='ocrx_word' id='word_1_17' title='bbox 362 764 590 850; x_wconf 79' lang='grc' dir='ltr'><strong><em>αἱματόεσσαν,</em></strong></span> 
     </span>
    </p>

    <p class='ocr_par' dir='ltr' id='par_1_4' title="bbox 146 868 1292 1061">
     <span class='ocr_line' id='line_1_5' title="bbox 250 868 1292 956; baseline -0.003 -21"><span class='ocrx_word' id='word_1_18' title='bbox 250 868 328 935; x_wconf 70' lang='grc' dir='ltr'><strong><em>ἔτλα</em></strong></span> <span class='ocrx_word' id='word_1_19' title='bbox 350 921 357 934; x_wconf 95' lang='grc'><strong>.</strong></span> <span class='ocrx_word' id='word_1_20' title='bbox 380 921 386 934; x_wconf 95' lang='grc'>.</span> <span class='ocrx_word' id='word_1_21' title='bbox 411 921 417 934; x_wconf 93' lang='grc'><strong>.</strong></span> <span class='ocrx_word' id='word_1_22' title='bbox 439 869 617 956; x_wconf 88' lang='lat' dir='ltr'>Partioipio</span> <span class='ocrx_word' id='word_1_23' title='bbox 641 874 775 954; x_wconf 88' lang='grc' dir='ltr'><strong><em>σπείρας</em></strong></span> <span class='ocrx_word' id='word_1_24' title='bbox 797 871 1009 954; x_wconf 87' lang='lat' dir='ltr'>praeteritam</span> <span class='ocrx_word' id='word_1_25' title='bbox 1034 869 1194 934; x_wconf 84' lang='lat' dir='ltr'>actionem</span> <span class='ocrx_word' id='word_1_26' title='bbox 1218 890 1292 933; x_wconf 87' lang='lat' dir='ltr'>oon-</span> 
     </span>
     <span class='ocr_line' id='line_1_6' title="bbox 146 975 825 1061; baseline -0.004 -21"><span class='ocrx_word' id='word_1_27' title='bbox 146 975 245 1040; x_wconf 86' lang='lat' dir='ltr'>tineri</span> <span class='ocrx_word' id='word_1_28' title='bbox 267 995 309 1040; x_wconf 86' lang='lat' dir='ltr'>ex</span> <span class='ocrx_word' id='word_1_29' title='bbox 331 995 439 1038; x_wconf 85' lang='lat' dir='ltr'>rerum</span> <span class='ocrx_word' id='word_1_30' title='bbox 462 995 589 1039; x_wconf 81' lang='lat' dir='ltr'>conexu</span> <span class='ocrx_word' id='word_1_31' title='bbox 614 981 759 1061; x_wconf 87' lang='lat' dir='ltr'>apparet.</span> <span class='ocrx_word' id='word_1_32' title='bbox 782 1012 825 1022; x_wconf 95' lang='lat'><em>-</em></span> 
     </span>
    </p>

    <p class='ocr_par' dir='ltr' id='par_1_5' title="bbox 192 1075 945 1165">
     <span class='ocr_line' id='line_1_7' title="bbox 192 1075 945 1165; baseline -0.001 -22"><span class='ocrx_word' id='word_1_33' title='bbox 192 1079 289 1165; x_wconf 80' lang='lat' dir='ltr'>Soph.</span> <span class='ocrx_word' id='word_1_34' title='bbox 311 1078 427 1145; x_wconf 81' lang='lat' dir='ltr'>Traoh.</span> <span class='ocrx_word' id='word_1_35' title='bbox 452 1079 546 1145; x_wconf 84' lang='lat'>1250.</span> <span class='ocrx_word' id='word_1_36' title='bbox 570 1131 576 1143; x_wconf 95' lang='lat'>.</span> <span class='ocrx_word' id='word_1_37' title='bbox 600 1131 606 1143; x_wconf 91' lang='lat'>.</span> <span class='ocrx_word' id='word_1_38' title='bbox 630 1131 636 1142; x_wconf 92' lang='lat'>.</span> <span class='ocrx_word' id='word_1_39' title='bbox 660 1075 698 1142; x_wconf 76' lang='grc' dir='ltr'>οτῖ</span> <span class='ocrx_word' id='word_1_40' title='bbox 719 1076 778 1162; x_wconf 86' lang='grc' dir='ltr'>γάρ</span> <span class='ocrx_word' id='word_1_41' title='bbox 801 1076 842 1144; x_wconf 74' lang='grc' dir='ltr'><strong><em>ἄν</em></strong></span> <span class='ocrx_word' id='word_1_42' title='bbox 865 1103 945 1143; x_wconf 88' lang='grc' dir='ltr'><strong><em>ποτε</em></strong></span> 
     </span>
    </p>

    <p class='ocr_par' dir='ltr' id='par_1_6' title="bbox 146 1181 1307 1473">
     <span class='ocr_line' id='line_1_8' title="bbox 253 1181 999 1270; baseline -0.001 -23"><span class='ocrx_word' id='word_1_43' title='bbox 253 1182 345 1259; x_wconf 74' lang='grc' dir='ltr'><strong><em>κακὸς</em></strong></span> <span class='ocrx_word' id='word_1_44' title='bbox 366 1189 499 1270; x_wconf 79' lang='grc' dir='ltr'><strong><em>φανείην</em></strong></span> <span class='ocrx_word' id='word_1_45' title='bbox 522 1189 574 1249; x_wconf 94' lang='grc' dir='ltr'><strong><em>σοί</em></strong></span> <span class='ocrx_word' id='word_1_46' title='bbox 593 1209 626 1266; x_wconf 86' lang='grc' dir='ltr'>γε</span> <span class='ocrx_word' id='word_1_47' title='bbox 650 1181 833 1266; x_wconf 81' lang='grc' dir='ltr'><strong><em>πιστεύσας,</em></strong></span> <span class='ocrx_word' id='word_1_48' title='bbox 856 1181 967 1266; x_wconf 88' lang='grc' dir='ltr'><strong><em>πάτερ.</em></strong></span> <span class='ocrx_word' id='word_1_49' title='bbox 991 1234 999 1266; x_wconf 96' lang='grc'><strong><em>,</em></strong></span> 
     </span>
     <span class='ocr_line' id='line_1_9' title="bbox 146 1284 1307 1372; baseline -0.003 -19"><span class='ocrx_word' id='word_1_50' title='bbox 146 1309 212 1354; x_wconf 89' lang='lat' dir='ltr'>non</span> <span class='ocrx_word' id='word_1_51' title='bbox 242 1289 347 1352; x_wconf 81' lang='lat' dir='ltr'>malus</span> <span class='ocrx_word' id='word_1_52' title='bbox 381 1286 492 1352; x_wconf 89' lang='lat' dir='ltr'>videar</span> <span class='ocrx_word' id='word_1_53' title='bbox 523 1308 571 1363; x_wconf 84' lang='grc' dir='ltr'>σο,</span> <span class='ocrx_word' id='word_1_54' title='bbox 602 1286 688 1372; x_wconf 92' lang='lat' dir='ltr'>quod</span> <span class='ocrx_word' id='word_1_55' title='bbox 720 1288 779 1351; x_wconf 91' lang='lat' dir='ltr'>tibi</span> <span class='ocrx_word' id='word_1_56' title='bbox 811 1287 983 1352; x_wconf 84' lang='lat' dir='ltr'>oboediam</span> <span class='ocrx_word' id='word_1_57' title='bbox 1007 1287 1057 1372; x_wconf 82' lang='lat' dir='ltr'>(id</span> <span class='ocrx_word' id='word_1_58' title='bbox 1082 1295 1151 1352; x_wconf 86' lang='lat' dir='ltr'>est:</span> <span class='ocrx_word' id='word_1_59' title='bbox 1175 1287 1202 1349; x_wconf 85' lang='lat' dir='ltr'>si</span> <span class='ocrx_word' id='word_1_60' title='bbox 1228 1284 1307 1370; x_wconf 91' lang='lat' dir='ltr'>pro</span> 
     </span>
     <span class='ocr_line' id='line_1_10' title="bbox 147 1390 811 1473; baseline 0 -16"><span class='ocrx_word' id='word_1_61' title='bbox 147 1394 315 1458; x_wconf 82' lang='lat' dir='ltr'>voluntate</span> <span class='ocrx_word' id='word_1_62' title='bbox 337 1399 395 1457; x_wconf 90' lang='lat' dir='ltr'>tua</span> <span class='ocrx_word' id='word_1_63' title='bbox 418 1392 526 1457; x_wconf 78' lang='lat' dir='ltr'>dolam</span> <span class='ocrx_word' id='word_1_64' title='bbox 548 1413 685 1457; x_wconf 84' lang='lat' dir='ltr'>uxorem</span> <span class='ocrx_word' id='word_1_65' title='bbox 708 1390 811 1473; x_wconf 84' lang='lat' dir='ltr'>duoo).</span> 
     </span>
    </p>

    <p class='ocr_par' dir='ltr' id='par_1_7' title="bbox 150 1485 1301 1981">
     <span class='ocr_line' id='line_1_11' title="bbox 193 1485 1295 1586; baseline -0.004 -24"><span class='ocrx_word' id='word_1_66' title='bbox 193 1497 289 1583; x_wconf 81' lang='lat' dir='ltr'>Soph.</span> <span class='ocrx_word' id='word_1_67' title='bbox 312 1496 428 1562; x_wconf 78' lang='lat' dir='ltr'>Treeh.</span> <span class='ocrx_word' id='word_1_68' title='bbox 453 1497 545 1563; x_wconf 59' lang='lat'><strong>1137·</strong></span> <span class='ocrx_word' id='word_1_69' title='bbox 568 1493 684 1586; x_wconf 78' lang='grc' dir='ltr'><strong><em>χρήστ’,</em></strong></span> <span class='ocrx_word' id='word_1_70' title='bbox 707 1485 732 1560; x_wconf 69' lang='grc' dir='ltr'>οῖ</span> <span class='ocrx_word' id='word_1_71' title='bbox 755 1493 891 1579; x_wconf 86' lang='grc' dir='ltr'><strong><em>κάκιστε,</em></strong></span> <span class='ocrx_word' id='word_1_72' title='bbox 914 1508 1040 1582; x_wconf 77' lang='grc' dir='ltr'><strong><em>πατέρα</em></strong></span> <span class='ocrx_word' id='word_1_73' title='bbox 1064 1494 1122 1562; x_wconf 85' lang='grc' dir='ltr'>σδν</span> <span class='ocrx_word' id='word_1_74' title='bbox 1143 1501 1295 1561; x_wconf 80' lang='grc' dir='ltr'><strong><em>κτείνασα</em></strong></span> 
     </span>
     <span class='ocr_line' id='line_1_12' title="bbox 1098 1599 1191 1688; baseline -0.054 0"><span class='ocrx_word' id='word_1_75' title='bbox 1098 1599 1191 1688; x_wconf 63' lang='lat' dir='ltr'>[dreit</span> 
     </span>
     <span class='ocr_line' id='line_1_13' title="bbox 150 1704 1301 1794; baseline -0.003 -23"><span class='ocrx_word' id='word_1_76' title='bbox 150 1706 311 1772; x_wconf 80' lang='lat' dir='ltr'>Herculea</span> <span class='ocrx_word' id='word_1_77' title='bbox 334 1707 420 1772; x_wconf 88' lang='lat' dir='ltr'>male</span> <span class='ocrx_word' id='word_1_78' title='bbox 442 1706 648 1792; x_wconf 83' lang='lat' dir='ltr'>intellegens,</span> <span class='ocrx_word' id='word_1_79' title='bbox 671 1726 757 1791; x_wconf 89' lang='lat' dir='ltr'>quae</span> <span class='ocrx_word' id='word_1_80' title='bbox 779 1706 898 1794; x_wconf 80' lang='lat' dir='ltr'><strong>Hyllus</strong></span> <span class='ocrx_word' id='word_1_81' title='bbox 921 1704 1013 1785; x_wconf 83' lang='lat' dir='ltr'>dixit,</span> <span class='ocrx_word' id='word_1_82' title='bbox 1046 1707 1226 1791; x_wconf 84' lang='lat' dir='ltr'>interrogat</span> <span class='ocrx_word' id='word_1_83' title='bbox 1248 1706 1301 1768; x_wconf 88' lang='lat' dir='ltr'>in··</span> 
     </span>
     <span class='ocr_line' id='line_1_14' title="bbox 153 1809 1297 1898; baseline -0.002 -25"><span class='ocrx_word' id='word_1_84' title='bbox 153 1810 322 1898; x_wconf 81' lang='lat' dir='ltr'>dignatus:</span> <span class='ocrx_word' id='word_1_85' title='bbox 355 1811 409 1876; x_wconf 86' lang='lat' dir='ltr'>An</span> <span class='ocrx_word' id='word_1_86' title='bbox 439 1811 580 1876; x_wconf 84' lang='lat' dir='ltr'>honesta</span> <span class='ocrx_word' id='word_1_87' title='bbox 611 1818 717 1876; x_wconf 87' lang='lat' dir='ltr'>mater</span> <span class='ocrx_word' id='word_1_88' title='bbox 740 1816 797 1874; x_wconf 90' lang='lat' dir='ltr'>tua</span> <span class='ocrx_word' id='word_1_89' title='bbox 819 1810 915 1894; x_wconf 81' lang='lat' dir='ltr'>feeit,</span> <span class='ocrx_word' id='word_1_90' title='bbox 948 1809 1035 1894; x_wconf 92' lang='lat' dir='ltr'>quod</span> <span class='ocrx_word' id='word_1_91' title='bbox 1057 1817 1181 1894; x_wconf 86' lang='lat' dir='ltr'>patrem</span> <span class='ocrx_word' id='word_1_92' title='bbox 1205 1815 1297 1873; x_wconf 91' lang='lat' dir='ltr'>tuum</span> 
     </span>
     <span class='ocr_line' id='line_1_15' title="bbox 152 1915 341 1981; baseline -0.005 -2"><span class='ocrx_word' id='word_1_93' title='bbox 152 1915 341 1981; x_wconf 75' lang='lat' dir='ltr'><strong>interfecit?</strong></span> 
     </span>
    </p>

    <p class='ocr_par' dir='ltr' id='par_1_8' title="bbox 152 2017 1303 2835">
     <span class='ocr_line' id='line_1_16' title="bbox 259 2017 1298 2104; baseline -0.004 -20"><span class='ocrx_word' id='word_1_94' title='bbox 259 2019 321 2093; x_wconf 78' lang='lat' dir='ltr'>Qui</span> <span class='ocrx_word' id='word_1_95' title='bbox 345 2041 387 2084; x_wconf 87' lang='lat' dir='ltr'>ex</span> <span class='ocrx_word' id='word_1_96' title='bbox 410 2017 594 2084; x_wconf 81' lang='lat' dir='ltr'>huiusmodi</span> <span class='ocrx_word' id='word_1_97' title='bbox 616 2019 696 2094; x_wconf 84' lang='lat' dir='ltr'>loeis</span> <span class='ocrx_word' id='word_1_98' title='bbox 718 2017 892 2082; x_wconf 79' lang='lat' dir='ltr'>concludat</span> <span class='ocrx_word' id='word_1_99' title='bbox 914 2019 1027 2083; x_wconf 82' lang='lat' dir='ltr'>aoristi</span> <span class='ocrx_word' id='word_1_100' title='bbox 1049 2024 1179 2104; x_wconf 82' lang='lat' dir='ltr'>tempus</span> <span class='ocrx_word' id='word_1_101' title='bbox 1199 2018 1298 2083; x_wconf 83' lang='lat' dir='ltr'>otiam</span> 
     </span>
     <span class='ocr_line' id='line_1_17' title="bbox 153 2121 1299 2209; baseline -0.002 -22"><span class='ocrx_word' id='word_1_102' title='bbox 153 2122 194 2188; x_wconf 91' lang='lat' dir='ltr'>de</span> <span class='ocrx_word' id='word_1_103' title='bbox 212 2131 331 2189; x_wconf 80' lang='lat' dir='ltr'>conatu</span> <span class='ocrx_word' id='word_1_104' title='bbox 349 2125 398 2188; x_wconf 93' lang='lat' dir='ltr'>rei</span> <span class='ocrx_word' id='word_1_105' title='bbox 415 2121 590 2189; x_wconf 86' lang='lat' dir='ltr'>faoiundae</span> <span class='ocrx_word' id='word_1_106' title='bbox 608 2123 769 2209; x_wconf 81' lang='lat' dir='ltr'>usurpari,</span> <span class='ocrx_word' id='word_1_107' title='bbox 788 2143 852 2187; x_wconf 90' lang='lat' dir='ltr'>non</span> <span class='ocrx_word' id='word_1_108' title='bbox 870 2129 960 2186; x_wconf 88' lang='lat' dir='ltr'>reete</span> <span class='ocrx_word' id='word_1_109' title='bbox 980 2123 1183 2188; x_wconf 86' lang='lat' dir='ltr'>oonoluserit.</span> <span class='ocrx_word' id='word_1_110' title='bbox 1214 2123 1299 2187; x_wconf 90' lang='lat' dir='ltr'>Nam</span> 
     </span>
     <span class='ocr_line' id='line_1_18' title="bbox 152 2226 1300 2314; baseline -0.002 -20"><span class='ocrx_word' id='word_1_111' title='bbox 152 2229 236 2294; x_wconf 87' lang='lat' dir='ltr'>haeo</span> <span class='ocrx_word' id='word_1_112' title='bbox 267 2227 462 2313; x_wconf 74' lang='lat' dir='ltr'>significatio</span> <span class='ocrx_word' id='word_1_113' title='bbox 496 2247 628 2314; x_wconf 80' lang='lat' dir='ltr'>prorsus</span> <span class='ocrx_word' id='word_1_114' title='bbox 662 2227 769 2290; x_wconf 84' lang='lat' dir='ltr'>aliena</span> <span class='ocrx_word' id='word_1_115' title='bbox 802 2234 852 2290; x_wconf 83' lang='lat' dir='ltr'>ent</span> <span class='ocrx_word' id='word_1_116' title='bbox 884 2227 1014 2291; x_wconf 84' lang='lat' dir='ltr'>aoristo.</span> <span class='ocrx_word' id='word_1_117' title='bbox 1074 2226 1202 2292; x_wconf 80' lang='lat' dir='ltr'>Caedes</span> <span class='ocrx_word' id='word_1_118' title='bbox 1238 2229 1300 2292; x_wconf 91' lang='lat' dir='ltr'>hoo</span> 
     </span>
     <span class='ocr_line' id='line_1_19' title="bbox 155 2330 1300 2419; baseline -0.003 -22"><span class='ocrx_word' id='word_1_119' title='bbox 155 2331 286 2419; x_wconf 89' lang='lat' dir='ltr'>quidem</span> <span class='ocrx_word' id='word_1_120' title='bbox 315 2333 385 2396; x_wconf 91' lang='lat' dir='ltr'>looo</span> <span class='ocrx_word' id='word_1_121' title='bbox 408 2352 522 2398; x_wconf 85' lang='lat' dir='ltr'>revera</span> <span class='ocrx_word' id='word_1_122' title='bbox 552 2351 617 2396; x_wconf 91' lang='lat' dir='ltr'>non</span> <span class='ocrx_word' id='word_1_123' title='bbox 648 2336 780 2417; x_wconf 86' lang='lat' dir='ltr'>patrata</span> <span class='ocrx_word' id='word_1_124' title='bbox 812 2337 878 2414; x_wconf 80' lang='lat' dir='ltr'>est3</span> <span class='ocrx_word' id='word_1_125' title='bbox 910 2331 988 2396; x_wconf 80' lang='lat' dir='ltr'>vivit</span> <span class='ocrx_word' id='word_1_126' title='bbox 1020 2332 1105 2394; x_wconf 87' lang='lat' dir='ltr'>eninr</span> <span class='ocrx_word' id='word_1_127' title='bbox 1128 2330 1300 2412; x_wconf 79' lang='lat' dir='ltr'>Herculea,</span> 
     </span>
     <span class='ocr_line' id='line_1_20' title="bbox 156 2434 1301 2524; baseline -0.004 -22"><span class='ocrx_word' id='word_1_128' title='bbox 156 2437 199 2502; x_wconf 86' lang='lat' dir='ltr'>ad</span> <span class='ocrx_word' id='word_1_129' title='bbox 221 2458 317 2524; x_wconf 88' lang='lat' dir='ltr'>quem</span> <span class='ocrx_word' id='word_1_130' title='bbox 338 2436 419 2502; x_wconf 89' lang='lat' dir='ltr'>illud</span> <span class='ocrx_word' id='word_1_131' title='bbox 441 2434 577 2502; x_wconf 82' lang='grc' dir='ltr'><strong><em>κτείνασ’</em></strong></span> <span class='ocrx_word' id='word_1_132' title='bbox 597 2437 747 2521; x_wconf 80' lang='lat' dir='ltr'>pertinet,</span> <span class='ocrx_word' id='word_1_133' title='bbox 773 2441 805 2500; x_wconf 85' lang='lat' dir='ltr'>et</span> <span class='ocrx_word' id='word_1_134' title='bbox 821 2435 892 2521; x_wconf 86' lang='lat' dir='ltr'>ipse</span> <span class='ocrx_word' id='word_1_135' title='bbox 910 2434 993 2500; x_wconf 86' lang='lat' dir='ltr'>haeo</span> <span class='ocrx_word' id='word_1_136' title='bbox 1011 2436 1110 2501; x_wconf 85' lang='lat' dir='ltr'>verba</span> <span class='ocrx_word' id='word_1_137' title='bbox 1129 2435 1214 2499; x_wconf 78' lang='lat' dir='ltr'>facit.</span> <span class='ocrx_word' id='word_1_138' title='bbox 1254 2434 1301 2499; x_wconf 86' lang='lat' dir='ltr'>At</span> 
     </span>
     <span class='ocr_line' id='line_1_21' title="bbox 156 2537 1301 2628; baseline -0.005 -22"><span class='ocrx_word' id='word_1_139' title='bbox 156 2543 212 2628; x_wconf 91' lang='lat' dir='ltr'>qui</span> <span class='ocrx_word' id='word_1_140' title='bbox 234 2543 356 2605; x_wconf 84' lang='lat' dir='ltr'>aoristo</span> <span class='ocrx_word' id='word_1_141' title='bbox 379 2537 501 2605; x_wconf 72' lang='grc' dir='ltr'><strong><em>ἔκτεινα</em></strong></span> <span class='ocrx_word' id='word_1_142' title='bbox 523 2541 636 2623; x_wconf 87' lang='lat' dir='ltr'>utitur,</span> <span class='ocrx_word' id='word_1_143' title='bbox 658 2546 826 2627; x_wconf 81' lang='lat' dir='ltr'>peractam</span> <span class='ocrx_word' id='word_1_144' title='bbox 849 2560 922 2605; x_wconf 84' lang='lat' dir='ltr'>esse</span> <span class='ocrx_word' id='word_1_145' title='bbox 941 2540 1100 2605; x_wconf 78' lang='lat' dir='ltr'>actionem</span> <span class='ocrx_word' id='word_1_146' title='bbox 1119 2538 1231 2626; x_wconf 78' lang='lat' dir='ltr'>fingit3</span> <span class='ocrx_word' id='word_1_147' title='bbox 1253 2539 1301 2601; x_wconf 86' lang='lat' dir='ltr'>ita</span> 
     </span>
     <span class='ocr_line' id='line_1_22' title="bbox 158 2643 1303 2730; baseline -0.004 -19"><span class='ocrx_word' id='word_1_148' title='bbox 158 2646 258 2712; x_wconf 90' lang='lat' dir='ltr'>etiam</span> <span class='ocrx_word' id='word_1_149' title='bbox 280 2645 333 2710; x_wconf 91' lang='lat' dir='ltr'>hio</span> <span class='ocrx_word' id='word_1_150' title='bbox 354 2645 515 2710; x_wconf 78' lang='lat' dir='ltr'>Hercules</span> <span class='ocrx_word' id='word_1_151' title='bbox 538 2643 683 2727; x_wconf 84' lang='lat' dir='ltr'>eaedem,</span> <span class='ocrx_word' id='word_1_152' title='bbox 706 2646 918 2730; x_wconf 88' lang='lat' dir='ltr'>quantumin</span> <span class='ocrx_word' id='word_1_153' title='bbox 942 2643 1096 2710; x_wconf 86' lang='lat' dir='ltr'>Deianira</span> <span class='ocrx_word' id='word_1_154' title='bbox 1126 2649 1214 2726; x_wconf 85' lang='lat' dir='ltr'>erat,</span> <span class='ocrx_word' id='word_1_155' title='bbox 1245 2662 1303 2728; x_wconf 88' lang='lat' dir='ltr'>pa·</span> 
     </span>
     <span class='ocr_line' id='line_1_23' title="bbox 157 2748 1271 2835; baseline -0.004 -20"><span class='ocrx_word' id='word_1_156' title='bbox 157 2758 278 2816; x_wconf 85' lang='lat' dir='ltr'>tratam</span> <span class='ocrx_word' id='word_1_157' title='bbox 301 2771 374 2814; x_wconf 86' lang='grc' dir='ltr'><strong><em>σεεσ</em></strong></span> <span class='ocrx_word' id='word_1_158' title='bbox 397 2749 520 2835; x_wconf 81' lang='lat' dir='ltr'>cogitat</span> <span class='ocrx_word' id='word_1_159' title='bbox 530 2748 567 2834; x_wconf 85' lang='lat'>¹).</span> <span class='ocrx_word' id='word_1_160' title='bbox 592 2787 631 2796; x_wconf 92' lang='lat'>—</span> <span class='ocrx_word' id='word_1_161' title='bbox 1268 2767 1271 2779; x_wconf 80' lang='grc'><strong>’</strong></span> 
     </span>
    </p>

    <p class='ocr_par' dir='ltr' id='par_1_9' title="bbox 201 2849 1263 3050">
     <span class='ocr_line' id='line_1_24' title="bbox 201 2849 1263 2942; baseline -0.006 -20"><span class='ocrx_word' id='word_1_162' title='bbox 201 2855 298 2942; x_wconf 75' lang='lat' dir='ltr'>soph.</span> <span class='ocrx_word' id='word_1_163' title='bbox 320 2855 404 2920; x_wconf 88' lang='lat' dir='ltr'>Phil.</span> <span class='ocrx_word' id='word_1_164' title='bbox 428 2855 521 2921; x_wconf 78' lang='grc'>1382.</span> <span class='ocrx_word' id='word_1_165' title='bbox 544 2855 722 2918; x_wconf 79' lang='grc' dir='ltr'><strong><em>καὶταῦτα</em></strong></span> <span class='ocrx_word' id='word_1_166' title='bbox 743 2855 837 2929; x_wconf 79' lang='grc' dir='ltr'><strong><em>λέξας</em></strong></span> <span class='ocrx_word' id='word_1_167' title='bbox 858 2849 898 2917; x_wconf 78' lang='grc' dir='ltr'>οὐ</span> <span class='ocrx_word' id='word_1_168' title='bbox 920 2849 1121 2934; x_wconf 83' lang='grc' dir='ltr'><strong><em>καταισχύνει</em></strong></span> <span class='ocrx_word' id='word_1_169' title='bbox 1146 2849 1263 2931; x_wconf 71' lang='grc' dir='ltr'><strong><em>δεούςς</em></strong></span> 
     </span>
     <span class='ocr_line' id='line_1_25' title="bbox 201 2955 1023 3050; baseline -0.002 -24"><span class='ocrx_word' id='word_1_170' title='bbox 201 2959 297 3050; x_wconf 83' lang='lat' dir='ltr'>Soph.</span> <span class='ocrx_word' id='word_1_171' title='bbox 321 2959 436 3026; x_wconf 77' lang='lat' dir='ltr'>Traeh.</span> <span class='ocrx_word' id='word_1_172' title='bbox 460 2960 532 3026; x_wconf 81' lang='lat'>884.</span> <span class='ocrx_word' id='word_1_173' title='bbox 557 3009 563 3023; x_wconf 91' lang='lat'>.</span> <span class='ocrx_word' id='word_1_174' title='bbox 588 3009 594 3022; x_wconf 94' lang='lat'>.</span> <span class='ocrx_word' id='word_1_175' title='bbox 618 2961 685 3034; x_wconf 80' lang='grc' dir='ltr'>πῶς</span> <span class='ocrx_word' id='word_1_176' title='bbox 708 2955 850 3047; x_wconf 78' lang='grc' dir='ltr'><strong><em>ἐμήσατο</em></strong></span> <span class='ocrx_word' id='word_1_177' title='bbox 872 2955 1023 3024; x_wconf 67' lang='grc' dir='ltr'><strong><em>θάνατον</em></strong></span> 
     </span>
    </p>

    <p class='ocr_par' dir='ltr' id='par_1_10' title="bbox 203 3063 797 3256">
     <span class='ocr_line' id='line_1_26' title="bbox 262 3063 634 3149; baseline -0.005 -19"><span class='ocrx_word' id='word_1_178' title='bbox 262 3063 412 3132; x_wconf 71' lang='grc' dir='ltr'><strong><em>ἀνύσασα</em></strong></span> <span class='ocrx_word' id='word_1_179' title='bbox 432 3063 518 3149; x_wconf 90' lang='grc' dir='ltr'><strong><em>μόνα</em></strong></span> <span class='ocrx_word' id='word_1_180' title='bbox 529 3091 543 3146; x_wconf 84' lang='grc'><strong><em>,·</em></strong></span> <span class='ocrx_word' id='word_1_181' title='bbox 565 3115 572 3128; x_wconf 94' lang='grc'><strong>.</strong></span> <span class='ocrx_word' id='word_1_182' title='bbox 597 3115 604 3128; x_wconf 95' lang='grc'><strong>.</strong></span> <span class='ocrx_word' id='word_1_183' title='bbox 627 3115 634 3128; x_wconf 94' lang='grc'><strong>.</strong></span> 
     </span>
     <span class='ocr_line' id='line_1_27' title="bbox 203 3166 797 3256; baseline -0.007 -22"><span class='ocrx_word' id='word_1_184' title='bbox 203 3169 279 3236; x_wconf 84' lang='grc' dir='ltr'>Ηοο</span> <span class='ocrx_word' id='word_1_185' title='bbox 302 3175 448 3256; x_wconf 78' lang='lat' dir='ltr'>apertat:</span> <span class='ocrx_word' id='word_1_186' title='bbox 471 3168 567 3256; x_wconf 83' lang='lat' dir='ltr'>Soph.</span> <span class='ocrx_word' id='word_1_187' title='bbox 590 3167 672 3232; x_wconf 90' lang='lat' dir='ltr'>Phil.</span> <span class='ocrx_word' id='word_1_188' title='bbox 696 3166 797 3232; x_wconf 79' lang='lat'><strong>1228:</strong></span> 
     </span>
    </p>

    <p class='ocr_par' dir='ltr' id='par_1_11' title="bbox 161 3268 1306 3568">
     <span class='ocr_line' id='line_1_28' title="bbox 264 3268 1176 3358; baseline -0.003 -19"><span class='ocrx_word' id='word_1_189' title='bbox 264 3271 444 3339; x_wconf 86' lang='grc' dir='ltr'><strong><em>άπάταισιν</em></strong></span> <span class='ocrx_word' id='word_1_190' title='bbox 466 3272 609 3358; x_wconf 82' lang='grc' dir='ltr'><strong><em>αἰσχραῖς</em></strong></span> <span class='ocrx_word' id='word_1_191' title='bbox 631 3269 735 3354; x_wconf 73' lang='grc' dir='ltr'><strong><em>ἄνδρα</em></strong></span> <span class='ocrx_word' id='word_1_192' title='bbox 756 3273 809 3336; x_wconf 80' lang='grc' dir='ltr'>καὶ</span> <span class='ocrx_word' id='word_1_193' title='bbox 832 3269 936 3346; x_wconf 91' lang='grc' dir='ltr'><strong><em>δόλοις</em></strong></span> <span class='ocrx_word' id='word_1_194' title='bbox 958 3268 1038 3336; x_wconf 79' lang='grc' dir='ltr'><strong><em>ἑλών</em></strong></span> <span class='ocrx_word' id='word_1_195' title='bbox 1061 3322 1068 3336; x_wconf 91' lang='grc'><strong>.</strong></span> <span class='ocrx_word' id='word_1_196' title='bbox 1092 3323 1099 3349; x_wconf 83' lang='grc'><strong><em>,</em></strong></span> <span class='ocrx_word' id='word_1_197' title='bbox 1173 3277 1176 3282; x_wconf 83' lang='lat'>&#39;</span> 
     </span>
     <span class='ocr_line' id='line_1_29' title="bbox 161 3373 1306 3464; baseline -0.002 -20"><span class='ocrx_word' id='word_1_198' title='bbox 161 3379 218 3444; x_wconf 89' lang='lat' dir='ltr'>nbi</span> <span class='ocrx_word' id='word_1_199' title='bbox 250 3399 292 3444; x_wconf 85' lang='lat' dir='ltr'>ex</span> <span class='ocrx_word' id='word_1_200' title='bbox 324 3377 492 3464; x_wconf 75' lang='lat' dir='ltr'>superiore</span> <span class='ocrx_word' id='word_1_201' title='bbox 522 3397 621 3442; x_wconf 81' lang='lat' dir='ltr'>versu</span> <span class='ocrx_word' id='word_1_202' title='bbox 652 3375 868 3462; x_wconf 83' lang='lat' dir='ltr'>supplendum</span> <span class='ocrx_word' id='word_1_203' title='bbox 891 3387 942 3442; x_wconf 84' lang='lat' dir='ltr'>est</span> <span class='ocrx_word' id='word_1_204' title='bbox 969 3373 1096 3462; x_wconf 75' lang='grc' dir='ltr'><strong><em>ἔπραξα</em></strong></span> <span class='ocrx_word' id='word_1_205' title='bbox 1118 3375 1155 3441; x_wconf 80' lang='grc' dir='ltr'>οὐ</span> <span class='ocrx_word' id='word_1_206' title='bbox 1179 3379 1306 3461; x_wconf 77' lang='grc' dir='ltr'><strong><em>πρέπον</em></strong></span> 
     </span>
     <span class='ocr_line' id='line_1_30' title="bbox 161 3486 323 3568; baseline 0 -20"><span class='ocrx_word' id='word_1_207' title='bbox 161 3486 259 3568; x_wconf 81' lang='grc' dir='ltr'><strong><em>ἔργον.</em></strong></span> <span class='ocrx_word' id='word_1_208' title='bbox 284 3521 323 3531; x_wconf 89' lang='grc'>-</span> 
     </span>
    </p>

    <p class='ocr_par' dir='ltr' id='par_1_12' title="bbox 163 3582 1307 3778">
     <span class='ocr_line' id='line_1_31' title="bbox 265 3582 1307 3676; baseline -0.005 -23"><span class='ocrx_word' id='word_1_209' title='bbox 265 3588 342 3654; x_wconf 82' lang='lat' dir='ltr'>Eur.</span> <span class='ocrx_word' id='word_1_210' title='bbox 360 3588 414 3655; x_wconf 83' lang='lat' dir='ltr'>Or.</span> <span class='ocrx_word' id='word_1_211' title='bbox 433 3589 504 3655; x_wconf 79' lang='lat'>538.</span> <span class='ocrx_word' id='word_1_212' title='bbox 531 3584 673 3674; x_wconf 74' lang='grc' dir='ltr'><strong><em>δυγάτηρ</em></strong></span> <span class='ocrx_word' id='word_1_213' title='bbox 697 3583 725 3651; x_wconf 80' lang='grc' dir='ltr'><strong><em>δ</em></strong></span> <span class='ocrx_word' id='word_1_214' title='bbox 748 3584 809 3676; x_wconf 80' lang='grc' dir='ltr'>ἐμη</span> <span class='ocrx_word' id='word_1_215' title='bbox 831 3585 970 3652; x_wconf 67' lang='grc' dir='ltr'><strong><em>θανοῖσ</em></strong></span> <span class='ocrx_word' id='word_1_216' title='bbox 992 3583 1132 3670; x_wconf 71' lang='grc' dir='ltr'><strong><em>ἔπραξεν</em></strong></span> <span class='ocrx_word' id='word_1_217' title='bbox 1155 3582 1307 3666; x_wconf 57' lang='lat' dir='ltr'>dodona,</span> 
     </span>
     <span class='ocr_line' id='line_1_32' title="bbox 163 3688 913 3778; baseline 0 -24"><span class='ocrx_word' id='word_1_218' title='bbox 163 3701 266 3758; x_wconf 86' lang='lat' dir='ltr'>morte</span> <span class='ocrx_word' id='word_1_219' title='bbox 288 3692 356 3758; x_wconf 83' lang='lat' dir='ltr'>filia</span> <span class='ocrx_word' id='word_1_220' title='bbox 377 3714 452 3760; x_wconf 87' lang='lat' dir='ltr'>mea</span> <span class='ocrx_word' id='word_1_221' title='bbox 474 3694 580 3757; x_wconf 77' lang='lat' dir='ltr'>iustas</span> <span class='ocrx_word' id='word_1_222' title='bbox 603 3712 725 3778; x_wconf 81' lang='lat' dir='ltr'>poenas</span> <span class='ocrx_word' id='word_1_223' title='bbox 749 3688 848 3756; x_wconf 90' lang='lat' dir='ltr'>dedit.</span> <span class='ocrx_word' id='word_1_224' title='bbox 872 3729 913 3738; x_wconf 90' lang='lat'>-</span> 
     </span>
    </p>

    <p class='ocr_par' dir='ltr' id='par_1_13' title="bbox 205 3789 1310 3986">
     <span class='ocr_line' id='line_1_33' title="bbox 205 3789 1310 3882; baseline -0.003 -21"><span class='ocrx_word' id='word_1_225' title='bbox 205 3796 281 3863; x_wconf 81' lang='lat' dir='ltr'>Eur.</span> <span class='ocrx_word' id='word_1_226' title='bbox 303 3797 405 3863; x_wconf 82' lang='lat' dir='ltr'>Andr.</span> <span class='ocrx_word' id='word_1_227' title='bbox 428 3797 502 3864; x_wconf 86' lang='grc'><strong>806.</strong></span> <span class='ocrx_word' id='word_1_228' title='bbox 533 3789 600 3862; x_wconf 80' lang='grc' dir='ltr'><strong><em>οἷον</em></strong></span> <span class='ocrx_word' id='word_1_229' title='bbox 630 3797 783 3880; x_wconf 77' lang='grc' dir='ltr'><strong><em>δέδρακεν</em></strong></span> <span class='ocrx_word' id='word_1_230' title='bbox 813 3791 911 3880; x_wconf 74' lang='grc' dir='ltr'><strong><em>ἔργον,</em></strong></span> <span class='ocrx_word' id='word_1_231' title='bbox 941 3792 1151 3882; x_wconf 78' lang='grc' dir='ltr'><strong><em>Ἀνδρομάχην</em></strong></span> <span class='ocrx_word' id='word_1_232' title='bbox 1184 3797 1310 3859; x_wconf 83' lang='grc' dir='ltr'><strong><em>κτανεῖν</em></strong></span> 
     </span>
     <span class='ocr_line' id='line_1_34' title="bbox 268 3897 1003 3986; baseline -0.005 -18"><span class='ocrx_word' id='word_1_233' title='bbox 268 3904 322 3968; x_wconf 80' lang='grc' dir='ltr'>καὶ</span> <span class='ocrx_word' id='word_1_234' title='bbox 343 3905 449 3968; x_wconf 89' lang='grc' dir='ltr'><strong><em>παῖδα</em></strong></span> <span class='ocrx_word' id='word_1_235' title='bbox 471 3897 682 3986; x_wconf 76' lang='grc' dir='ltr'><strong><em>βονλεάσασα,</em></strong></span> <span class='ocrx_word' id='word_1_236' title='bbox 704 3906 882 3966; x_wconf 68' lang='grc' dir='ltr'><strong><em>κατθανεῖν</em></strong></span> <span class='ocrx_word' id='word_1_237' title='bbox 905 3901 1003 3982; x_wconf 71' lang='grc' dir='ltr'><strong><em>θελει,</em></strong></span> 
     </span>
    </p>
   </div>
   <div class='ocr_carea' id='block_1_3' title="bbox 168 4021 1309 4219">
    <p class='ocr_par' dir='ltr' id='par_1_14' title="bbox 168 4021 1309 4219">
     <span class='ocr_line' id='line_1_35' title="bbox 270 4021 1309 4130; baseline -0.007 -16"><span class='ocrx_word' id='word_1_238' title='bbox 270 4059 290 4130; x_wconf 82' lang='lat'>¹)</span> <span class='ocrx_word' id='word_1_239' title='bbox 310 4061 411 4128; x_wconf 81' lang='lat' dir='ltr'>Delff,</span> <span class='ocrx_word' id='word_1_240' title='bbox 423 4021 533 4129; x_wconf 45' lang='grc' dir='ltr'><strong><em>ᾖσεν.</em></strong></span> <span class='ocrx_word' id='word_1_241' title='bbox 554 4059 641 4113; x_wconf 81' lang='lat' dir='ltr'>Aoln&#39;st</span> <span class='ocrx_word' id='word_1_242' title='bbox 664 4058 730 4115; x_wconf 86' lang='lat' dir='ltr'>ins.</span> <span class='ocrx_word' id='word_1_243' title='bbox 749 4059 885 4114; x_wconf 71' lang='lat' dir='ltr'>Verhtiltn.</span> <span class='ocrx_word' id='word_1_244' title='bbox 904 4074 939 4110; x_wconf 89' lang='lat' dir='ltr'>zu</span> <span class='ocrx_word' id='word_1_245' title='bbox 956 4055 1041 4126; x_wconf 83' lang='lat' dir='ltr'>iibrig.</span> <span class='ocrx_word' id='word_1_246' title='bbox 1062 4056 1221 4109; x_wconf 86' lang='lat' dir='ltr'>Zeitformen</span> <span class='ocrx_word' id='word_1_247' title='bbox 1240 4053 1309 4124; x_wconf 85' lang='lat' dir='ltr'>(pag.</span> 
     </span>
     <span class='ocr_line' id='line_1_36' title="bbox 168 4148 318 4219; baseline 0.013 -19"><span class='ocrx_word' id='word_1_248' title='bbox 168 4148 200 4202; x_wconf 88' lang='grc'>19</span> <span class='ocrx_word' id='word_1_249' title='bbox 218 4164 244 4201; x_wconf 91' lang='lat' dir='ltr'>u.</span> <span class='ocrx_word' id='word_1_250' title='bbox 263 4148 318 4219; x_wconf 79' lang='lat'>20).</span> 
     </span>
    </p>
   </div>
   <div class='ocr_carea' id='block_1_4' title="bbox 1189 4250 1206 4308">
    <p class='ocr_par' dir='ltr' id='par_1_15' title="bbox 1189 4250 1206 4308">
     <span class='ocr_line' id='line_1_37' title="bbox 1189 4250 1206 4308; baseline 0 0"><span class='ocrx_word' id='word_1_251' title='bbox 1189 4250 1206 4308; x_wconf 82' lang='lat'><strong>3</strong></span> 
     </span>
    </p>
   </div>
   <div class='ocr_carea' id='block_1_5' title="bbox 0 0 1616 4902">
    <p class='ocr_par' dir='ltr' id='par_1_16' title="bbox 0 0 1616 4902">
     <span class='ocr_line' id='line_1_38' title="bbox 0 0 1616 4902; baseline 0 0"><span class='ocrx_word' id='word_1_252' title='bbox 0 0 1616 4902; x_wconf 95' lang='lat' dir='ltr'> </span> 
     </span>
    </p>
   </div>
  </div>
 </body>
</html>
