3172 4902
744 363 786 434 43

297 572 357 638 Oui
379 573 449 640 loca
472 571 585 638 similis
609 576 736 640 catilla
760 575 879 642 Aescb.
903 575 956 640 Pr.
980 573 1086 642 1009:

401 675 508 742 dcxciv
530 680 566 742 δὲ
588 676 720 762 στόμιον
742 677 782 756 ὥς
804 677 949 770 craiawic

401 782 505 859 πῶλος
526 781 628 867 βιάζει
651 786 703 849 καὶ
725 783 805 868 πρὸς
827 783 916 875 ἡνίας
937 781 1031 868 μάχει
1054 835 1091 872 .,

192 885 392 969 Mercurius,
422 885 558 952 deorum
589 889 739 969 nuntius,
771 889 987 954 Prometheo:
1019 890 1123 953 instar
1146 887 1221 973 equi
1245 886 1337 951 irena

191 990 369 1056 mordentis
392 992 455 1056 vim
480 991 618 1058 adhibes
641 993 783 1078 lorisque
806 1013 979 1079 repugnas.

296 1112 469 1198 Liberius,
499 1119 536 1178 ut
567 1115 698 1200 opinor,
732 1113 979 1224 Heimscetbius
1003 1112 1142 1180 δάκιωι
1122 1134 1209 1200 pro
1233 1111 1344 1180 δακών.

195 1218 377 1304 posuit.-

236 1339 354 1406 Aesch.
371 1341 463 1405 Eum.
489 1339 597 1408 131.”
581 1365 659 1422 οναρ
682 1339 801 1417 διώκεις
823 1345 922 1433 θῆρα,
944 1339 1125 1425 κλαγγάνεις
1147 1337 1221 1406 ,aa
1199 1363 1285 1424 απερ

294 1445 378 1511 κύων
398 1449 556 1530 μέριμναν
577 1444 688 1511 οὔποτ’
711 1444 849 1512 ἐκλιπών
872 1444 991 1511 πόνου·
1014 1496 1022 1530 ,

191 1573 250 1638 par
272 1551 428 1616 somnium
452 1552 554 1616 feram
578 1552 784 1637 persequeris
809 1557 842 1616 et
859 1551 949 1616 velut
971 1552 1061 1617 canis
1083 1552 1196 1634 latras,
1219 1550 1338 1636 qui...

192 1655 281 1721 haud
302 1676 446 1746 unquam
469 1656 669 1738 intermittit3
703 1654 984 1742 Clytaemnestrae
1015 1655 1130 1720 umbra
1153 1654 1199 1719 ibi
1221 1652 1338 1718 Furias

190 1761 305 1825 incitat
328 1759 370 1824 ad
389 1759 649 1846 persequendum
669 1759 827 1825 Orestem.
873 1759 964 1846 Opus
987 1781 1051 1825 nen
1074 1763 1125 1824 eet
1147 1756 1339 1823 adverbium

192 1863 303 1930 cifncs'
338 1863 452 1928 referri
494 1862 535 1928 ad
574 1865 786 1950 praeteritum
827 1871 964 1950 tempus.
1027 1861 1238 1928 Blomfieldus
1269 1861 1339 1926 vult

192 1968 345 2034 ἐκλείπων
367 1989 424 2054 pro
448 1968 558 2032 coristi
582 1969 751 2056 participio
774 1967 930 2052 ἐκλιπών,
961 1968 1053 2033 euius
1087 1965 1238 2054 equidem
1268 1985 1337 2030 mu·

192 2073 323 2138 tationis
348 2093 480 2138 causam
503 2094 567 2137 ncn
590 2073 753 2160 intellege.
777 2111 817 2122 —-

296 2175 360 2241 Sed
383 2175 534 2262 queniam
559 2198 601 2241 ex
622 2178 662 2241 iis
685 2178 779 2260 locis,
812 2199 892 2264 quos
917 2177 1029 2260 attuli,
1060 2197 1155 2240 usum
1178 2174 1341 2262 participii

193 2281 383 2347 attributive
405 2279 483 2345 dicti
506 2281 586 2346 satis
610 2303 768 2368 apparere
790 2281 869 2346 mibi
892 2280 1023 2364 videar,
1053 2280 1118 2344 ianr
1146 2276 1339 2366 progrediar

192 2385 234 2452 ad
256 2385 290 2450 id
312 2385 556 2472 participiorum
579 2407 702 2474 genus,
734 2385 821 2474 quod
851 2407 950 2451 unum
981 2391 1019 2451 ut
1046 2388 1244 2474 pertractem
1266 2383 1341 2448 reli·

192 2511 293 2576 quum
316 2489 431 2556 habeo.

296 2735 326 2798 h.
371 2733 629 2821 Participia
673 2735 855 2818 aoristi,
900 2756 1010 2822 quae
1055 2733 1338 2803 substantivi

192 2839 291 2903 loco
314 2837 525 2905 adhibita
549 2845 660 2903 sunt.
715 2839 910 2924 Priusquam
933 2840 1064 2926 singula
1088 2839 1238 2926 excnrple
1262 2858 1341 2903 enu-

191 2962 331 3025 merem,
364 2941 406 3007 de
437 2943 589 3007 universo
622 2942 683 3007 bcc
709 2963 832 3027 genere
854 2943 1096 3029 participiorum
1119 2963 1225 3029 pauca
1246 2963 1342 3028 prae·

192 3048 328 3112 mittam.
372 3047 518 3112 Interest
541 3047 625 3112 enim
646 3047 708 3112 bcc
731 3048 816 3112 inter
834 3048 1038 3134 participium
1057 3047 1257 3112 substantivi
1271 3047 1342 3111 loco

177 3152 333 3237 positum
367 3159 400 3216 et
431 3152 537 3237 ipsum
570 3151 830 3230 substantivum,
861 3159 898 3216 ut
929 3151 1009 3217 illud
1034 3155 1152 3236 (aeque
1175 3171 1214 3216 ac
1248 3170 1342 3236 prae·

99 3339 103 3343 ι
192 3254 302 3336 dicati,
324 3254 472 3320 attributi
496 3254 776 3341 appositionisque
798 3276 934 3321 munere
956 3255 1097 3342 fungens
1121 3254 1341 3341 participium)

192 3360 255 3423 vim
279 3365 312 3423 et
335 3362 484 3422 naturam
506 3356 597 3422 verbi
621 3364 750 3437 servet,
777 3378 850 3423 cum
874 3368 906 3426 et
930 3360 1054 3426 variam
1087 3359 1278 3444 qualitatem
1310 3355 1344 3421 id

196 3469 248 3526 est
270 3461 452 3545 durantem,
474 3459 663 3548 perfectam,
687 3461 875 3548 simpliciter
897 3461 1093 3528 insidentem
1117 3462 1253 3528 actionis
1271 3481 1344 3527 ver·

192 3566 390 3632 balisvariis
405 3571 587 3652 temporum
601 3565 712 3631 formis
728 3571 890 3653 exprimat
909 3574 941 3631 et
961 3567 1051 3631 verbi
1069 3566 1340 3632 constructionem

192 3672 335 3736 rectione
357 3691 492 3736 casuum
516 3681 647 3734 servata
670 3669 820 3736 retineat.

296 3789 401 3864 Quem
424 3790 585 3877 participii
608 3809 703 3855 usum
726 3790 776 3855 his
800 3791 957 3878 exemplis
982 3791 1170 3858 illustrabo:

233 3913 309 3978 Eur.
332 3912 430 3978 Herc.
454 3913 587 3979 865...
611 3911 659 3978 ,ὁ
682 3911 922 3979 cerecesola
946 3915 1064 3980 εἴσεται

296 4015 466 4095 παῖδας
439 4013 492 4095 οὓς
513 4015 644 4084 ἔτικτ’
630 4017 833 4103 accepera..

191 4143 265 4191 eum
286 4123 473 4210 trucidabit,
496 4123 621 4194 nesciet
642 4144 719 4199 suos
742 4144 779 4194 se
802 4069 924 4191 liberos
948 4122 1145 4194 interlicere
1181 4121 1268 4204 Quin
1290 4064 1343 4196 bic
