3172 4902
769 271 788 338 5

801 365 881 372 ...—-·

309 479 349 546 A.
371 478 536 568 Agitur
559 478 610 546 de
632 479 689 546 iis
713 480 980 567 participiis
1004 479 1190 564 aoristi,
1213 499 1350 566 quorum

205 585 342 672 primum
358 589 515 672 punctum
534 586 712 672 praeteriit,
728 591 838 653 oetera
855 591 964 651 autem
978 590 1143 650 momenta
1157 593 1351 672 permanent

204 689 333 756 actione
357 689 528 777 principali
551 688 725 757 inoidente.

310 810 1180 901 a.Partieipiaabiisverbisformata,
1214 833 1349 899 quornm
1413 796 1415 800 ’

202 915 368 1003 praesenti
391 917 529 1005 tempori
552 923 658 984 status
682 916 851 985 cuiusdam
873 916 1068 1006 signifieatio
1091 917 1194 1002 inest,
1220 919 1350 1006 vimque

203 1021 415 1108 temporalem
439 1022 649 1090 rontinentia.

308 1143 356 1209 Ab
380 1163 490 1209 eorum
513 1144 615 1232 igitur
636 1145 809 1211 verborum
840 1145 1022 1232 partieipiis
1054 1144 1181 1227 ordior,
1212 1165 1350 1230 quorum

202 1249 368 1334 praesenti
389 1255 536 1337 tempore
558 1270 717 1336 praesens
740 1251 788 1317 rei
810 1255 915 1316 status
939 1249 1150 1337 signifieatur‚
1173 1251 1206 1314 in
1230 1249 1349 1336 quibus

202 1352 324 1438 optime
344 1353 394 1419 nis
416 1353 548 1440 propria
570 1355 732 1442 partieipii
754 1356 866 1421 aoristi
889 1360 1029 1442 apparet
1053 1355 1165 1441 eisque
1188 1355 1218 1419 ei
1235 1355 1297 1440 ipsi
1310 1353 1348 1440 ¹),

202 1456 258 1543 qui
278 1455 376 1523 huius
394 1460 550 1546 temporis
568 1460 741 1546 participio
759 1460 972 1546 praeteritam
991 1460 1151 1526 aetionem
1170 1456 1349 1545 signifioari

201 1561 321 1645 velint,
352 1555 551 1630 inoidentem
581 1586 650 1631 rem
683 1562 866 1630 eonoedunt
894 1565 1038 1652 exprimi.
1084 1563 1186 1630 Ouins
1209 1583 1289 1630 neus
1312 1569 1349 1632 ut

200 1667 361 1733 notissimi
385 1667 465 1734 satis
489 1671 551 1735 erit
572 1690 679 1756 panea
703 1671 853 1756 exempla
876 1690 1082 1738 memorasse.

302 1790 331 1877 ²)
342 1789 459 1858 Aesoh.
478 1795 565 1860 Pers.
582 1793 662 1861 759:
686 1791 785 1878 ἄρξας
811 1790 910 1880 ἔθηκε
932 1795 1035 1859 πᾶσιν
1055 1791 1180 1884 εἰρήνην
1207 1797 1345 1881 φίλοις,

198 1893 292 1960 euius
314 1896 480 1983 partieipii
503 1899 601 1963 etiam
621 1899 654 1962 in
673 1898 779 1964 soluto
798 1919 947 1964 sermone
964 1917 1044 1962 usus
1061 1896 1347 1985 frequentissimus

200 2005 251 2064 est
282 2002 532 2088 exemplumque
563 2000 643 2068 illud
673 2003 705 2067 in
738 2001 938 2087 oompendiis
973 2003 1259 2087 grammatioorum
1290 2006 1347 2070 ad-

198 2103 338 2170 hibetur.
391 2105 464 2171 Hoo
495 2107 566 2173 loeo
596 2105 676 2172 dieit
698 2107 838 2172 Darius:
871 2106 1016 2190 „Beatus
1039 2107 1088 2172 vir
1121 2115 1191 2172 orat
1222 2107 1346 2195 Oyrus3

199 2229 260 2273 rex
282 2207 422 2295 (faetus)
454 2231 565 2297 paoem
599 2209 754 2276 dedit...“.
808 2210 953 2278 Dubium
986 2232 1050 2277 non
1083 2217 1150 2294 eat,
1182 2215 1262 2299 quin
1293 2232 1346 2280 res

200 2312 395 2379 seouudaria
414 2313 535 2400 (ἄρξας)
556 2324 634 2382 ante
654 2315 815 2380 sotionem
833 2314 1021 2402 primariam
1042 2313 1163 2403 (ἔθηκε)
1179 2315 1344 2404 inciderit3

199 2436 261 2482 non
285 2417 392 2484 minue
424 2425 534 2485 autem
566 2420 773 2508 perspicuum
805 2420 1012 2507 participium
1036 2441 1109 2485 oum
1131 2423 1231 2487 verbo
1253 2421 1346 2489 finito

198 2519 326 2587 durare.
372 2522 438 2589 Sed
461 2527 510 2607 (ut
540 2524 681 2589 durandi
713 2526 771 2607 ita)
795 2525 964 2611 praeteriti
997 2525 1086 2591 notio
1118 2524 1214 2591 deest
1245 2529 1345 2612 parti·

197 2626 283 2712 oipio
306 2628 428 2711 aoristi,
451 2649 515 2715 qno
533 2650 586 2695 res
605 2629 751 2695 nonnisi
770 2629 959 2714 simplieiter
975 2626 1123 2694 inridens
1141 2629 1345 2716 signifieatur

199 2768 240 2778 -
262 2753 338 2796 nam
369 2733 453 2799 haee
485 2740 536 2823 opt
568 2734 680 2800 norieti
712 2733 822 2820 stirpis
854 2733 1003 2800 eondioio
1025 2771 1076 2800 -.
1121 2732 1216 2807 Quod
1239 2737 1267 2800 si
1289 2756 1343 2801 res

197 2837 372 2925 participio
395 2858 554 2924 expressa
575 2839 666 2926 prius
688 2836 857 2918 inciderit,
889 2838 985 2904 fenile
1018 2858 1060 2903 ex
1091 2840 1247 2904 orationis
1269 2861 1344 2906 oon·

198 2948 291 3007 textu
315 2942 530 3030 oognosoitur.
576 2941 684 3016 Quare
706 2949 818 3010 nostra
840 2944 952 3029 lingua
971 2962 1034 3008 non
1052 2944 1206 3009 verterim
1226 2944 1344 3024 „naeh-

199 3045 274 3111 dem
306 3067 340 3112 er
362 3046 546 3114 Herrsoher
576 3047 783 3135 geworden“‚
813 3045 872 3112 sed
907 3046 960 3130 „in
991 3048 1100 3112 seiner
1129 3046 1344 3134 Eigensohaft

200 3151 249 3216 als
271 3150 485 3220 Herrsohor“.

301 3294 419 3360 Aeeoh.
446 3293 537 3360 Pers.
560 3293 632 3362 691.
676 3289 759 3379 ipsa
790 3291 819 3358 δ’
842 3293 967 3369 ἐκείνοις
997 3291 1252 3370 ἐνδυναστεύσας
1283 3294 1341 3379 ἐγώ

198 3394 273 3491 ἥκω·
296 3447 304 3464 .
327 3451 334 3465 .
358 3450 364 3464 .
388 3449 409 3483 .,
440 3400 498 3465 ubi
519 3398 643 3465 Darius
674 3404 801 3481 narrat,
834 3418 907 3463 oum
935 3399 977 3462 ab
1000 3397 1112 3464 inferis
1133 3396 1223 3463 haud
1245 3399 1341 3465 faoile

304 3627 325 3699 ¹)
344 3627 488 3698 Kriiger,
504 3627 602 3698 grieeh.
622 3615 805 3696 Spraehlehre,
829 3631 852 3678 2.
871 3625 933 3693 Teii,
957 3624 1047 3678 Berlin
1066 3624 1134 3679 1873
1153 3625 1179 3694 (ξ
1197 3628 1240 3694 56,
1260 3626 1294 3681 10
1311 3643 1338 3680 u.

199 3718 490 3875 53'5'¹2)).ii1advig‚
513 3803 615 3873 Syntax
638 3803 685 3856 der
708 3818 746 3874 gr.
769 3801 898 3871 Spraehe,
923 3799 1132 3870 Braunsohweig
1156 3799 1223 3854 1847
1243 3800 1270 3870 (ᾗ
1290 3801 1340 3855 183

198 3911 223 3945 11·
244 3891 370 4048 m’sstdjiu
388 3979 510 4034 versibus
528 3978 699 4034 numerandis
719 3977 749 4033 G.
767 3977 940 4045 Dindom‘ium,
959 3978 1096 4046 poetamm
1114 3975 1209 4030 scenio.
1247 3975 1338 4032 Gnaeo.

199 4066 311 4140 fabulae,
331 4068 392 4126 edit
412 4067 455 4138 V„
474 4067 579 4138 Lipsiae
597 4065 813 4134 nuceum,
832 4067 940 4122 secutus
958 4081 1026 4120 sum.
