3172 4902
826 303 869 380 40

276 522 439 589 indioatun
461 522 524 587 nisi
547 543 600 588 res
623 521 830 601 maundaria,
862 543 946 607 qliae
970 521 1101 608 supplet
1122 520 1328 607 illustratque
1350 541 1439 586 ver-

277 629 354 693 bum
377 627 512 692 finitum.
565 627 652 691 Huio
674 627 744 692 looo
768 627 871 692 simile
895 631 962 710 eal,
994 622 1079 712 quod
1105 626 1226 713 legitur
1247 624 1323 691 Eur.
1346 624 1437 691 Hel.

278 733 359 814 iilo,
391 731 454 794 niai
476 729 562 816 quod
584 730 638 794 hio
659 734 757 817 poeta
785 728 828 795 ad
852 729 1100 816 signifioandam
1122 727 1296 796 durantem
1319 749 1438 816 aeque

278 837 494 922 explicantem
519 835 678 898 aetionem
701 834 882 921 praesentis
906 833 1113 922 partieipium
1137 832 1305 900 adhibuit:

382 938 500 1031 ἤκουσα
521 942 579 1015 τοῖς
601 941 790 1023 θεσπιῳδοῦ
811 937 912 1023 κόρας,

383 1040 405 1108 ἃ
427 1042 572 1134 χρήζονσ
594 1040 697 1130 ἐφάνη
718 1041 881 1127 τυράννοις

382 1148 499 1232 δόμοις,
520 1198 527 1212 .
551 1200 558 1213 .
582 1199 588 1212 .

279 1251 388 1320 audivi
409 1253 642 1318 vaticinantem
665 1252 832 1338 virginem,
855 1271 939 1337 quae
962 1251 1114 1338 apparuit
1136 1253 1301 1319 oraculum
1321 1250 1435 1318 adens

279 1410 286 1424 .
310 1412 316 1425 .
340 1409 346 1424 .
369 1358 443 1423 Non
466 1357 616 1443 equidem
641 1356 802 1421 assentior
824 1355 1004 1440 Dindorfio,
1036 1356 1091 1442 qui
1114 1358 1298 1444 praesentis
1321 1358 1434 1443 parti·

279 1462 399 1549 aipium
422 1461 456 1525 in
479 1461 591 1526 aoristi
614 1459 805 1525 mutandum
828 1480 901 1526 ease
924 1461 1098 1528 contendit.
1121 1501 1163 1509 -

323 1583 418 1671 Soph.
442 1582 479 1650 O.
501 1583 540 1648 R.
564 1584 657 1650 1146.
680 1582 735 1648 οὐκ
758 1582 800 1659 εἰς
822 1581 982 1669 ὄλιθρονς
1004 1582 1043 1650 οὐ
1065 1583 1231 1677 σιωπήσας
1252 1588 1340 1665 duem
1359 1623 1405 1633 -

322 1706 441 1773 Aesoh.
467 1705 608 1793 Ohoeph.
631 1707 704 1772 855.
729 1710 805 1790 (Ζεῦ
827 1710 891 1772 Ζεῦ
912 1713 946 1772 σι’
965 1710 1064 1792 λέγοις
1087 1707 1197 1774 πόθεν
1218 1707 1365 1795 ἄρξωμαι

382 1811 455 1877 τάδ’
478 1811 675 1899 ἐπευχομένη
697 1809 953 1896 ιιιέιιιθεάζοοσ’,)

384 1914 450 1982 ὑπὸ
472 1915 501 1982 δ’
524 1914 646 1993 εὐνοίας

385 2024 454 2097 πῶς
476 2021 546 2086 ἴσον
568 2019 690 2086 εἰποῦσ’
713 2018 903 2105 α’νίσωμαις

280 2143 438 2209 Ultimum
460 2143 591 2208 tandem
614 2145 718 2209 looum
742 2144 905 2230 participii
927 2146 1057 2230 generis
1080 2143 1166 2230 quod
1192 2144 1304 2210 dieunt
1330 2165 1430 2232 prae·

281 2248 413 2314 dieativi
434 2250 629 2331 memorabo,
652 2248 738 2334 quod
762 2255 812 2313 est
835 2249 922 2335 apud
945 2249 1062 2315 Aesob.
1086 2249 1196 2336 Suppl.
1220 2250 1302 2315 423:

384 2349 459 2438 μηδ’
481 2353 549 2440 ἴδῃς
570 2350 604 2436 μ’
626 2351 662 2429 ἐξ
683 2353 781 2439 ἑδρᾶν
803 2353 977 2418 πολυθέων

385 2459 626 2540 ῥνσιιισθεΐσαν,
649 2446 674 2521 oi
695 2461 766 2523 πᾶν
788 2457 901 2540 κράτος
923 2460 1004 2540 ἔχων
1025 2455 1157 2540 χθονός·
1182 2508 1189 2540 ,

280 2560 337 2624 ubi
359 2561 475 2625 ohonus
497 2569 669 2647 predatur:
700 2583 783 2627 neve
817 2563 906 2626 sinas
937 2581 989 2625 mo
1012 2583 1032 2624 a
1055 2561 1189 2626 sedibus
1212 2614 1218 2626 .
1244 2613 1250 2626 .
1275 2613 1280 2626 .
1305 2559 1426 2625 abduoi

380 2662 473 2737 Quod
497 2663 682 2752 Madvigius
695 2665 716 2747 ¹)
750 2665 845 2732 dooet
875 2666 979 2752 ipsius
1012 2666 1104 2730 verbi
1128 2668 1280 2748 περιορᾶν
1302 2665 1426 2730 auriolo

282 2769 419 2855 tempori
441 2769 647 2855 participium
670 2769 798 2856 aliquod
822 2771 855 2834 in
879 2769 999 2835 aorieto
1026 2776 1171 2856 tempore
1204 2768 1356 2855 adiungi,
1386 2777 1426 2834 ut

281 2883 510 2938 momentanea
533 2874 619 2938 aetio
641 2874 860 2960 significetur,
891 2896 956 2940 non
984 2875 1069 2940 omni
1094 2895 1135 2939 ex
1157 2882 1251 2961 parte
1275 2875 1426 2940 absoluta

280 2984 434 3062 reeteque
456 2977 619 3042 sehabet.
663 2979 747 3044 Nam
765 2989 803 3044 ut
820 2979 886 3044 iem
903 3000 1002 3066 supra
1021 2978 1089 3043 dixi
1106 2980 1179 3065 ipsa
1197 2983 1425 3044 momentanea

282 3085 366 3146 aetio
389 3082 560 3169 partieipio
584 3085 765 3169 praesentis
789 3084 999 3171 exprimitur,
1030 3091 1068 3148 ut
1099 3102 1171 3148 eam
1194 3081 1314 3148 durare
1336 3083 1424 3147 etin

282 3186 420 3272 singulis
451 3188 620 3252 momenti·
651 3189 887 3273 pantioulieque
919 3207 955 3252 ae
979 3187 1142 3273 explicere
1164 3187 1302 3273 eoriptor
1325 3185 1425 3272 signi·

282 3289 365 3354 fioet.
409 3291 527 3377 ltaque
551 3292 665 3358 eadem
689 3293 758 3358 fere
780 3293 943 3358 sententia
966 3312 1051 3378 quae
1075 3310 1174 3378 supra
1197 3289 1324 3377 (Suppl.
1343 3291 1425 3374 423)

281 3397 464 3480 praesentia
487 3397 656 3484 participio
679 3397 777 3483 paulo
800 3397 883 3461 infra
912 3396 1119 3484 exprimitur3
1153 3401 1203 3460 eet
1233 3403 1343 3461 autem
1372 3393 1427 3460 hio

282 3500 372 3564 loous
395 3499 515 3566 ibidem
539 3501 622 3568 429:

385 3603 429 3694 μή
452 3629 482 3670 τι
503 3607 578 3692 τλῇς
599 3602 661 3670 acio
682 3604 779 3670 ἱκέτιν
800 3603 928 3670 εἰσιδεῖν

386 3707 455 3774 aiud
476 3715 611 3795 βρετέων
632 3713 686 3796 βίᾳ
709 3711 797 3786 δίκας
819 3707 979 3792 α’γομέναν
1000 3759 1007 3772 .
1032 3759 1039 3792 ,

283 3834 325 3878 ne
347 3815 461 3879 tuleris
484 3812 599 3879 vidone
622 3832 674 3878 me
697 3833 717 3878 a
741 3812 922 3880 aimnlaorie
946 3811 1131 3902 (trahendo)
1156 3811 1278 3880 abduoi
1300 3863 1307 3876 .
1332 3861 1339 3876 .
1363 3863 1369 3877 .

389 4007 408 4076 ¹)
430 4006 580 4078 iladvig,
612 4005 714 4076 Sp'utax
745 4007 791 4060 dor
823 4005 920 4078 gn'ooh.
951 4005 1086 4076 Spraohe,
1122 4002 1329 4072 Braumohweig
1358 4003 1425 4056 lul?

285 4093 492 4166 ffiffllQ
