3172 4902
643 381 849 482 AL

174 589 330 657 cundaria
359 592 472 678 puncti
503 593 607 657 instar
639 593 840 679 exprimatur
869 590 955 656 idem
990 596 1118 679 tempus
1152 597 1185 658 et
1216 592 1243 656 si
1273 591 1321 656 ito

176 695 285 762 dicere
313 697 391 766 licet
426 695 615 762 condonatio
648 698 752 762 teneri
785 717 849 761 nco
880 703 1006 782 potest,
1038 698 1085 761 ito
1107 702 1144 761 ut
1166 702 1321 783 punctum

175 799 261 887 quod
283 807 402 869 vocent
423 802 529 888 ipsum
552 803 585 867 in
609 802 818 888 praeteritum
842 800 1063 866 condicionem
1084 801 1219 867 recedat
1236 800 1322 888 (per-

174 907 253 972 fecti
286 905 370 970 enim
402 907 572 993 participio
604 906 750 992 perfecta
781 903 967 991 dumosque
994 905 1139 970 condicio
1163 907 1322 993 exprimo·

174 1010 292 1095 retur).
345 1009 420 1074 Atia
453 1010 617 1076 sententia
641 1009 768 1073 admitti
790 1031 853 1073 non
878 1015 1000 1096 potest,
1032 1011 1227 1096 pracsertim
1250 1030 1322 1075 cum

174 1114 236 1179 hoc
258 1115 327 1179 solo
348 1115 520 1200 participio
544 1113 623 1178 iilud
647 1114 749 1178 solum
773 1115 941 1200 probabile
963 1107 1173 1200 praeceptum
1197 1113 1239 1180 dc
1256 1135 1324 1179 mo·

177 1217 306 1284 datibus
332 1219 440 1283 formis
465 1219 551 1291 eludi
575 1239 639 1282 non
666 1220 776 1304 possit.
829 1216 986 1298 Accedit,
1019 1217 1106 1304 quod
1137 1218 1224 1284 illam
1257 1219 1320 1283 vim

174 1344 239 1387 non
263 1324 364 1388 sclam
386 1323 495 1389 hebet.
549 1323 649 1409 Apud
681 1324 859 1388 Homerum
894 1324 977 1388 enim
1010 1323 1202 1409 saepissime
1236 1322 1320 1389 idern

178 1437 306 1515 tempus
331 1428 494 1515 significat
516 1427 602 1514 quod
626 1430 712 1494 actio
736 1429 907 1514 primaria3
930 1430 1048 1492 veluti:

220 1533 280 1600 Od.
304 1536 333 1616 3,
357 1534 439 1600 304:
462 1531 603 1623 ἐμήσατο
626 1518 734 1598 οἴκοθι
752 1531 859 1616 λυγροὶ,
882 1539 1003 1610 κτείνας
1025 1530 1186 1621 Ἀτρείδην.

220 1636 297 1702 ibid.
321 1638 402 1721 3163
425 1640 455 1719 4,
479 1639 561 1719 439;
586 1637 632 1702 Pl.
656 1637 765 1723 Protg.
790 1637 852 1704 345
876 1637 904 1700 Β
929 1635 1063 1722 πράξας.

176 1740 436 1808 Praestet).
468 1742 627 1828 idemque
657 1743 691 1806 in
723 1763 819 1828 prosa
851 1743 997 1807 oratione
1020 1740 1235 1808 coincidentia
1258 1741 1321 1808 duo

176 1853 298 1933 puncta
321 1845 491 1932 significat,
515 1852 571 1910 ute

280 1949 414 2032 γελάσας
436 1943 508 2014 αἵτε
531 1950 630 2035 [nont
655 1949 881 2035 „nachdem“).

221 2053 340 2120 Phaed.
364 2055 413 2121 60.
438 2054 474 2118 B.
497 2044 532 2118 cd
554 2053 581 2137 γ’
605 2054 757 2142 ἐποίησας
777 2051 964 2145 ἅναμνὴσας
985 2080 1033 2138 με.

175 2159 219 2223 Et
250 2165 359 2244 potest
390 2160 596 2245 participium
630 2160 814 2246 proesentis
846 2159 932 2223 facta
964 2167 1040 2224 ante
1074 2160 1235 2225 actionem
1257 2162 1322 2247 pri-

178 2265 312 2327 mariam
338 2264 543 2349 significare:

221 2368 306 2434 Xon.
330 2369 415 2434 Heli.
441 2370 470 2446 2,
493 2372 524 2449 4,
548 2370 608 2436 252
637 2367 800 2455 προνομάς
822 2367 1008 2453 ποιούμενοι
1032 2373 1082 2435 καὶ
1105 2369 1321 2454 λαμβάνοντες

285 2472 366 2552 ξύλα
388 2477 441 2538 καὶ
463 2472 596 2560 ’όπιοραν
619 2472 719 2539 πάλιν
741 2473 920 2540 ἐκάθευδον
943 2474 978 2540 ἐν
1001 2480 1149 2560 Πειραιεῖ.

449 4179 544 4254 Typis
562 4180 610 4238 W.
630 4183 758 4240 Germer
776 4183 822 4254 (I).
842 4182 1043 4260 Siebenkees).
