3172 4902
722 343 862 441 45Ι

215 541 332 631 Aesch.
343 565 454 654 Suppl.
465 567 538 635 571.
560 570 612 634 nal
629 567 703 635 τότε
722 567 762 661 δὴ
779 575 827 647 τίς
843 559 884 662 ἦν
899 568 918 635 δ
935 571 1057 647 Ιθέλξας
1072 568 1318 654 πολτῗπλαγκτον

1080 673 1215 764 [ἀθλίαν

286 775 528 867 οἰστροδόνητον
555 775 624 878 ’lei'-
1316 845 1327 858 ‚

174 900 213 945 ao
235 886 303 945 tum
326 881 457 967 quidem
479 884 551 970 quis
574 889 646 950 erat
667 884 722 949 ille
744 884 799 970 qui
822 904 941 970 vagam
962 883 1125 950 infelicem
1148 890 1320 971 oestroque

174 985 333 1072 agitatam
357 985 400 1052 Jo
422 988 641 1055 refocillavit?

277 1088 448 1156 Actionem
481 1092 597 1179 prioris
629 1097 783 1182 temporis
813 1094 997 1161 huiusmodi
1020 1095 1199 1184 participiis
1222 1094 1320 1159 conti·

61 1238 65 1254 .
173 1193 244 1258 neri
276 1214 340 1259 non
374 1215 470 1293 posse
502 1197 599 1264 facilc
632 1200 854 1286 intellegitur,
886 1200 972 1287 quod
993 1222 1060 1267 une
1083 1201 1211 1268 omnino
1234 1199 1320 1265 cotio

175 1299 376 1385 exprimitur.
400 1339 440 1348 —

105 1463 111 1474 ,
215 1402 408 1491 AeschAg.
423 1406 496 1473 314.
519 1410 591 1473 νικοῖ
612 1407 642 1474 δ’
665 1408 683 1474 d
703 1412 830 1496 πρῶτος
852 1412 904 1477 καὶ
925 1411 1104 1488 τελευταῖος
1127 1404 1258 1497 δραμών
1280 1461 1287 1474 .
1311 1460 1319 1491 ,

173 1505 273 1572 vincit
296 1513 406 1575 autem
427 1511 549 1598 primus
574 1518 607 1579 ct
627 1513 762 1579 ultimus
784 1535 915 1598 cursor,
948 1516 983 1581 id
1014 1521 1083 1582 est:
1112 1516 1246 1580 ultimus
1270 1521 1331 1578 ar·'

174 1609 305 1677 dentem
327 1613 433 1680 fecem
457 1636 521 1681 non
542 1618 650 1683 minus
673 1616 810 1684 tradidit
831 1623 892 1685 rito
915 1641 1012 1706 quem
1036 1621 1090 1706 qui
1112 1620 1236 1706 primns
1264 1638 1321 1683 ex·

173 1725 377 1803 cucurrerat3
400 1717 441 1784 de
463 1722 598 1788 articulo
620 1742 684 1788 non
705 1725 846 1810 repetito
868 1725 924 1790 cir.
945 1723 1089 1812 Madvig.
1112 1724 1130 1808 ξ
1154 1724 1205 1807 16,
1228 1723 1259 1789 b.
1278 1759 1318 1769 -

218 1820 314 1909 Soph.
336 1821 422 1890 Phil.
445 1823 518 1892 978.
542 1879 549 1892 .
572 1879 579 1892 .
603 1879 610 1893 .
633 1823 681 1892 ὅδ’
703 1817 743 1917 ἦν
765 1826 830 1915 ἄρα

279 1925 297 1992 o‘
318 1927 485 2014 ξυλλαβών
505 1955 547 2015 με
568 1929 812 2017 κοῖπονοσῳίσας
833 1929 943 2000 ὅπλων
966 1984 973 1999 .
996 1985 1004 2018 ,

173 2029 226 2096 hio
248 2039 321 2097 erat
341 2033 399 2120 qni
419 2053 472 2100 me
494 2037 581 2122 cepit
603 2037 820 2124 spoliavitque
843 2039 950 2103 ermis.
973 2076 1013 2086 -
1058 2053 1062 2060 '

277 2135 468 2203 Praesentis
490 2144 600 2205 cutem
623 2141 795 2229 participia
817 2142 852 2206 in
870 2141 1028 2208 eiusmodi
1047 2141 1207 2228 exemplis
1230 2137 1321 2204 edhi-

175 2240 303 2325 bentur,
316 2247 354 2307 ut
370 2261 423 2308 res
440 2243 480 2308 iis
498 2264 657 2332 expresso
676 2243 799 2311 durans
818 2254 852 2312 ct
871 2267 907 2312 se
925 2247 1093 2334 explicans
1111 2243 1322 2332 significetur.

174 2344 262 2410 Satis
285 2347 347 2411 erit
370 2367 412 2414 ex
432 2350 603 2436 permultis
626 2351 704 2416 locis
727 2371 850 2438 paucos
873 2371 1091 2417 memorasse:

218 2468 314 2557 Soph.
337 2470 375 2536 Ο.
399 2471 436 2537 Τ.
459 2473 532 2541 819.
555 2525 562 2540 .
587 2525 593 2539 .
617 2527 624 2540 .
646 2477 699 2541 καὶ
719 2472 793 2541 τάδ’
814 2473 899 2552 οὗτος
921 2473 1015 2552 ἄλλος
1037 2465 1077 2566 ἢν
1166 2481 1169 2488 ’

279 2571 299 2667 ἢ
320 2574 372 2661 ’poi
393 2575 440 2644 ’rr'
462 2576 590 2665 ἐμαυτῷ
611 2577 706 2648 τάσδ’
727 2579 807 2668 α’ροὲς
829 2579 847 2646 ὁ
869 2586 1059 2666 προστιθείς
1081 2632 1088 2646 .
1112 2632 1120 2665 ,

173 2679 231 2744 nbi
253 2678 420 2768 Oedipus:
442 2689 542 2770 atque
563 2684 646 2751 alins
669 2705 766 2750 nemo
787 2684 850 2751 fuit
871 2706 970 2774 qnam
993 2705 1065 2772 ego,
1096 2684 1151 2772 qui
1173 2682 1322 2749 mihimet

174 2782 235 2849 has
258 2783 346 2850 diras
368 2786 566 2874 imprecatus
589 2810 669 2854 sum.
693 2828 735 2836 -

218 2906 315 2995 Soph.
336 2908 420 2975 Phil.
443 2910 516 2978 959.
539 2910 640 2996 φόνον
661 2911 762 2997 φόνου
784 2915 821 2978 δὲ
843 2910 953 3000 ῥύσιον
973 2918 1052 2980 τίσω
1073 2911 1174 2988 τάλας

277 3011 361 3098 ττρδς
380 3017 439 3080 τοῦ
460 3018 629 3094 δοκοῦντος
650 3015 745 3084 οὐδὲν
766 3015 884 3084 εἰδέναι
907 3017 1004 3083 κακόν
1026 3068 1034 3082 .
1057 3068 1065 3101 ,

175 3119 218 3184 cb
242 3139 281 3184 eo
303 3171 310 3184 .
333 3171 341 3185 .
363 3169 372 3205 ‚
395 3122 451 3207 qni
472 3121 654 3199 videbatur.
678 3161 718 3171 -—

217 3241 572 3331 Aeschchoephfflll.
594 3243 639 3334 μὴ
661 3243 759 3329 ’laxe
779 3243 837 3311 τὸν
859 3243 1009 3311 πονοῦντ’
1032 3241 1094 3312 ἔσω
1115 3245 1322 3332 sormidam,

175 3345 311 3412 Orestes
334 3345 413 3413 dicit
434 3348 549 3415 matri:
573 3369 614 3413 ne
637 3350 786 3436 argueris
809 3371 893 3434 eum,
916 3349 972 3436 qni
994 3350 1165 3416 laboravit.
1187 3401 1195 3415 .
1218 3403 1225 3417 .

280 3470 385 3536 Simili
406 3470 523 3539 modo:

217 3590 294 3660 Eur.
316 3592 417 3661 Andr.
441 3595 513 3663 694.
536 3591 615 3662 ὅταν
628 3599 778 3681 τροπαῖα
801 3595 962 3679 πολεμίων
984 3591 1085 3685 στήσῃ
1108 3590 1251 3680 στρατὸς,

279 3696 317 3763 os’·
338 3702 403 3766 τῶν
426 3699 612 3767 πονούντων
634 3698 766 3787 τοῦργον
787 3698 937 3790 ἡγοῦνται
957 3697 1043 3784 τόδε,

278 3802 348 3870 α’λϊ
371 3803 388 3869 d
410 3804 583 3894 στρατηγὸς
604 3802 663 3898 τήν
684 3804 815 3892 δόκησιν
836 3803 970 3892 ἄρνοται
994 3856 1001 3889 ,
1025 3855 1032 3870 .
1057 3841 1095 3850 -

218 3926 295 3995 Eur.
318 3926 418 3994 Rhoe.
441 3929 514 3996 875.
537 3926 640 3994 ὄλοιθ’
663 3925 680 3995 ὁ
703 3926 842 4015 δράσας·
865 3980 871 3994 .
895 3979 902 3994 .

175 4029 333 4096 Ultimum
364 4032 498 4098 tendens
531 4033 637 4099 locum
675 4033 787 4103 coristi
823 4031 984 4123 participii
1021 4030 1220 4097 substentivi
1250 4031 1319 4096 looo

174 4136 324 4224 usurpati
347 4138 494 4223 efferum,
517 4136 605 4224 quod
625 4138 747 4228 legitur
769 4137 858 4227 apud
880 4134 1074 4225 Sophoclem
1096 4134 1145 4201 Ill.
1169 4135 1241 4203 198.
