3172 4902
758 337 800 404 13

308 542 434 610 Eodem
453 543 550 612 modo
574 544 672 610 etiam
690 546 792 612 verba
815 544 1013 632 elamitsndi,
1030 544 1242 632 lamentandi,
1260 547 1355 614 lauri·
1399 606 1401 612 .
1473 542 1477 546 ’

208 648 326 734 mandi,
348 649 413 714 alia
435 654 654 736 usurpantur3
677 649 885 718 oonl'erautur
907 672 950 718 ex
970 652 1081 718 multis
1103 651 1206 718 loeis:

251 753 346 842 Soph.
369 752 439 820 ΟΒ.
462 753 557 822 1260.
579 751 684 821 δεινὰν
707 753 737 821 δ’
758 753 861 834 α’ύσας
883 754 923 834 ὥς
946 754 1108 845 sigramni
1128 782 1213 836 τινος

310 856 428 936 πύλαις
450 859 580 936 διπλαῖς
602 857 736 951 ἐνήλατ’,
761 912 768 927 .
791 912 798 927 .

255 961 334 1030 ibid.
357 963 452 1032 1265.
476 960 562 1041 ὅπως
584 961 645 1053 ὁρᾷ
666 989 725 1050 νιν,
747 963 836 1034 δειναὶ
858 967 1028 1056 βρυχήθελς
1048 966 1159 1053 τάλας,

314 1069 400 1158 χαλᾷ
419 1066 600 1160 κρεμαστὴν
623 1066 764 1159 α’ρτύνήν
787 1122 793 1136 .
817 1121 825 1136 .
848 1121 855 1136 .

253 1172 365 1262 (Sapit.
388 1173 503 1241 Traeh.
526 1175 600 1242 804.
624 1173 797 1260 ἐκέλσαμεν
820 1226 827 1241 .
850 1225 858 1242 .
882 1226 888 1241 .
910 1175 1112 1262 βρυχόμενον,

312 1278 364 1343 Ai.
387 1279 451 1346 322
473 1281 575 1362 item).

251 1381 371 1450 Assoi).
394 1382 447 1449 Pr.
471 1384 543 1452 175.
566 1383 692 1476 πτήξας
713 1381 782 1452 τόδ’
804 1383 863 1469 e'yai
885 1383 1110 1474 καταμηνύσω,

313 1487 405 1574 (ibid.
426 1489 476 1556 29.
500 1487 721 1581 ὑποπτήσσων
743 1541 750 1555 .
774 1541 780 1555 .
804 1540 811 1557 .
834 1488 989 1573 ὤπασας).

209 1592 297 1660 Setis
318 1600 431 1660 notum
455 1600 506 1660 est
527 1593 623 1661 illud:
646 1591 814 1682 δακρύσας,
835 1593 978 1680 γελάσας.
1002 1633 1044 1644 -

312 1820 350 1887 Β.
388 1821 631 1888 'irrotatur
670 1822 707 1887 is
749 1821 912 1888 aoristi
953 1821 1192 1909 partieipii
1228 1839 1354 1905 usus,

209 1945 273 2012 quo
297 1927 382 1992 aetio
405 1935 439 1991 et
461 1947 546 2013 quae
569 1929 669 1994 verbo
692 1926 783 1993 finito
807 1928 999 2014 exprimitur
1021 1935 1055 1993 et
1076 1947 1162 2013 quse
1185 1923 1357 2012 partieipia

210 2031 358 2098 subiecta
381 2038 440 2115 est,
463 2033 496 2096 in
518 2031 604 2098 idem
629 2039 757 2120 tempus
779 2031 961 2098 eoueidunt.
1006 2030 1099 2107 Quae
1120 2030 1185 2097 huo
1206 2034 1358 2117 speetant

79 2161 83 2168 ·
209 2136 390 2223 partieipia,
414 2156 453 2201 eo
472 2136 514 2202 ab
533 2135 803 2204 antecedentibus
822 2136 1018 2224 diserepant,
1036 2135 1175 2223 quadiu
1193 2135 1241 2201 eis
1259 2132 1358 2199 effes·

209 2238 278 2304 tiva
300 2260 398 2325 qnam
420 2246 515 2306 voest
539 2239 671 2306 Curtius
692 2240 742 2306 vis
766 2240 877 2306 aoristi
901 2240 1044 2306 existere
1066 2237 1204 2306 videtur.

315 2456 343 2500 s.
366 2433 622 2522 Partioipia
646 2456 666 2501 a
687 2435 833 2501 variis
865 2434 1039 2516 verbis,
1072 2453 1251 2523 quorum
1274 2454 1356 2499 nen

211 2539 387 2603 eommunis
409 2538 492 2605 ratio
516 2545 576 2621 est,
593 2539 732 2605 formata
754 2539 835 2605 nihil
857 2539 919 2605 nisi
936 2529 1003 2606 reru
1019 2537 1245 2606 secundariam
1262 2544 1357 2604 orote

210 2661 283 2708 oum
305 2641 459 2729 primaria
482 2642 609 2709 aetiana
633 2663 793 2709 eonexam
816 2645 1026 2710 rontinentia.

269 2823 273 2836 .
315 2745 418 2821 Quem
440 2748 601 2836 partieipii
623 2769 720 2814 usum
741 2748 792 2816 his
816 2750 974 2836 exemplis
995 2747 1186 2816 illustrabo:

255 2850 350 2940 Soph.
373 2850 438 2919 00.
462 2853 556 2920 1211.
578 2849 663 2931 ὅστις
683 2856 742 2920 ταῦ
762 2855 897 2932 πλέονος
917 2863 1032 2940 μέρους

314 2955 428 3050 χρήζει,
449 2960 509 3024 τοῦ
528 2961 657 3046 μετρίαν
679 2961 794 3048 παρεὶς

315 3060 415 3149 ζώειν,
436 3063 630 3132 σκαιασύναν
652 3063 773 3150 φυλάσ-

316 3190 381 3234 σων
401 3167 437 3236 ἐν
458 3169 529 3255 ἐμαὶ
550 3167 728 3259 κατάδηλος
752 3167 862 3257 ἔσται,

211 3273 268 3340 ubi
289 3273 407 3340 ohorus
429 3273 526 3344 dioit:
561 3279 617 3364 qui
648 3276 803 3363 longioris
834 3273 965 3343 visendi
994 3275 1099 3362 partis
1130 3272 1270 3362 eupidus
1297 3279 1358 3359 est,

211 3377 360 3447 medieas
381 3381 573 3469 neglegens,
595 3382 726 3465 (stultus
749 3384 821 3464 est).

315 3484 389 3552 Hos
411 3485 489 3552 mihi
506 3484 638 3573 quidem
655 3486 725 3552 looo
743 3485 913 3573 partieipia
930 3505 996 3551 non
1011 3489 1080 3548 tem
1097 3502 1199 3549 eausa
1218 3481 1356 3548 sotionis

212 3591 303 3657 verbi
328 3590 411 3656 finiti
444 3589 571 3683 (χρήζει)
602 3590 759 3657 eontineri
789 3588 917 3657 videtur
948 3609 1046 3677 quam
1075 3607 1129 3652 res
1161 3585 1356 3653 seeundaria

213 3714 286 3761 oum
307 3695 365 3762 ills
388 3696 516 3761 notione
538 3695 719 3761 arctissime
742 3693 913 3760 anneta
937 3713 979 3760 ex
1011 3711 1118 3779 eaque
1147 3691 1355 3780 profioiseeus

213 3800 375 3884 (eonlstas
396 3798 514 3868 Aaou
543 3798 596 3866 Pr.
623 3798 702 3881 825,
728 3820 803 3887 pag.
826 3798 870 3866 14
889 3818 921 3865 u
940 3797 1016 3881 lb).
1069 3796 1199 3883 Inque
1231 3795 1360 3884 genere

212 3910 376 3971 nostrates
395 3906 555 3971 astionem
578 3905 698 3972 astioni
719 3923 832 3992 parem
853 3907 1032 3992 opponunt,
1052 3900 1161 3970 velut:

257 4009 340 4077 Wer
360 4009 445 4076 naeh
465 4009 616 4095 lingeret
637 4008 751 4075 Dauer
772 4008 831 4075 des
853 4005 986 4074 Lebeus
1008 4007 1168 4094 verlsngt,

317 4113 372 4183 die
395 4113 643 4206 mittelmissige
666 4113 747 4184 aber
765 4112 946 4204 rsrsohtst,
968 4161 976 4182 .
998 4161 1037 4183 ..
