3172 4902
818 333 861 404 44

735 428 941 439 .—-—--——

268 544 441 632 partieipio
463 545 574 611 aoristi
597 544 701 613 rareio
722 568 784 612 non
808 547 986 632 praeterita
1010 545 1094 612 notio
1116 544 1287 630 indioetur,
1318 565 1415 612 nemo

269 656 321 715 est
343 650 399 735 qui
421 647 558 718 dubitet.
611 651 666 717 Ad
697 652 842 718 loturum
875 657 985 718 autem
1016 657 1145 737 tempus
1176 648 1311 718 easdem
1333 650 1415 716 libe·

267 774 376 819 rorum
406 752 610 822 referendam
643 776 717 822 esse
749 777 791 824 ex
821 757 892 843 ipso
923 755 1024 822 verbo
1050 755 1142 821 finito
1170 755 1287 822 εἴσεται
1318 755 1414 821 intel·

268 857 396 944 legitur.
422 897 461 908 -

310 961 386 1028 Eur.
410 962 478 1029 Alo.
502 965 574 1032 734.
597 961 693 1050 ἔρρων
715 991 773 1032 νον
794 963 889 1042 αι’νιός
910 963 951 1057 χὴ
973 963 1187 1056 ξυνοικήσασα
1209 987 1269 1050 σοι,

371 1065 494 1136 ἄπαιδα
515 1069 632 1147 παιδὸς
654 1061 752 1156 ὄντος,
774 1065 882 1157 ὥσπερ
904 1068 996 1151 ἄξιοι,

372 1171 555 1261 γφράσκεέ·
579 1225 586 1240 .
610 1226 616 1240 .
640 1226 647 1240 .

269 1275 472 1364 Quamquam
503 1279 572 1346 ood.
604 1282 639 1346 V.
662 1278 699 1345 B.
731 1279 851 1365 aliique
883 1275 981 1364 ἔρροις
1012 1277 1166 1364 tradunt,
1197 1284 1307 1344 tamen
1337 1299 1412 1350 oum

268 1381 420 1448 Nauokio
453 1391 486 1449 et
508 1383 676 1450 Dindorlio
708 1381 806 1470 ἔρρων
837 1383 1029 1470 scripturam
1052 1405 1071 1448 a
1095 1382 1270 1448 scholiasta
1292 1403 1413 1448 memo·

267 1491 372 1550 satam
396 1487 556 1574 praefero,
581 1485 667 1575 quod
691 1487 888 1554 seeundaria
909 1509 963 1554 res
986 1488 1086 1554 verbo
1107 1486 1198 1551 finito
1221 1484 1319 1573 ἔρροις
1339 1507 1412 1552 meo

268 1588 389 1656 iudioio
419 1591 514 1656 nimis
546 1592 769 1658 illustraretur.
828 1592 965 1658 Gravior
997 1592 1082 1657 enim
1118 1612 1195 1678 pars
1226 1591 1412 1657 sententias

268 1695 454 1761 continetur
474 1697 575 1763 verbo
596 1697 784 1786 repriorere:
808 1698 923 1765 abiens
945 1698 1017 1785 ipse
1041 1702 1074 1762 et
1095 1716 1179 1761 uxor
1202 1695 1382 1763 senesoitsi

311 1797 386 1864 ldur.
410 1801 479 1866 Alo.
502 1800 577 1884 497,
599 1803 656 1868 ubi
679 1803 838 1870 Heronles
863 1803 1011 1888 quaerit:

372 1910 456 1982 τίνος
479 1902 508 1971 δ’
531 1903 549 1970 ὁ
572 1913 701 1994 θρέψας
723 1912 801 1984 παῖς
821 1903 946 1990 πατρὸς
967 1902 1190 2003 responsitando,-

270 2027 375 2093 aquo
398 2029 434 2074 sa
457 2016 561 2075 ortum
585 2031 657 2077 esse
679 2012 781 2078 iactat
802 2012 830 2076 is
853 2009 910 2098 qui
933 2029 1033 2097 equor
1055 2009 1182 2074 nutriti

373 2111 448 2177 Huo
470 2114 612 2200 pertinet
634 2114 689 2182 ille
710 2115 810 2197 loeus,
828 2115 884 2181 ubi
907 2113 1113 2202 partieipium
1131 2113 1243 2179 aoristi
1260 2111 1413 2178 Nsuolrio

270 2223 456 2303 suspectum
481 2223 550 2285 est:

312 2319 409 2408 Soph.
431 2322 484 2390 Αἰ.
510 2325 581 2390 151.
604 2375 611 2389 .
634 2375 641 2389 .
665 2375 672 2389 .
696 2326 747 2390 καὶ
770 2327 835 2402 πᾶς
857 2321 875 2390 ri
897 2322 999 2391 κλύων

372 2429 430 2491 τοῦ
451 2428 601 2506 λέξαντος
623 2430 723 2515 χαίρει
745 2430 869 2513 μᾶλλον

371 2536 436 2607 τοῖς
458 2536 523 2609 σοῖς
545 2531 654 2616 ἄχεσιν
677 2539 886 2618 καθοβρίζων.

268 2632 351 2699 Mihi
372 2655 434 2700 non
459 2637 628 2724 probatur,
661 2636 747 2724 quod
769 2637 942 2703 Nauokius
965 2643 1101 2702 annotat
1132 2639 1326 2703 sententiam
1349 2657 1413 2701 non

269 2739 348 2825 pati,
380 2747 417 2804 ut
438 2743 610 2827 genetivus
632 2745 690 2808 τοῦ
711 2743 861 2820 λέξαντος
882 2741 1028 2829 pendeat
1050 2763 1070 2807 a
1091 2742 1249 2808 voeabula
1272 2743 1412 2841 psillor3

266 2841 419 2930 idemque
450 2845 481 2909 N
484 2845 621 2912 enotrius
653 2867 762 2913 errare
793 2847 871 2912 mihi
901 2846 1045 2927 videtur,
1078 2843 1165 2932 quod
1195 2845 1307 2911 aoristi
1339 2864 1413 2934 par·

268 2947 412 3035 tieipinm
435 2968 495 3015 sno
516 2949 587 3016 loeo
609 2971 674 3016 non
698 2971 772 3018 esse
795 2949 969 3018 oontsndit
993 2989 1035 2998 -

313 3051 388 3118 Eur.
401 3053 469 3140 lph.
485 3054 607 3121 Α.71Ο.
629 3053 728 3143 σοφός
749 3053 775 3140 γ’
797 3053 815 3120 ὅ
837 3063 967 3140 θρέψας
987 3053 1030 3138 χοὶ
1054 3052 1162 3131 διδοὺς
1184 3053 1385 3138 σοφώτερος.
1405 3105 1412 3135 ,

270 3156 401 3242 sapiens
425 3166 496 3224 erst
518 3160 573 3246 qui
596 3158 757 3242 educavit,
775 3160 955 3247 sapientior
972 3159 1027 3245 qui
1046 3157 1251 3225 educandum
1269 3157 1413 3226 tradidit.

270 3261 342 3326 Hoo
364 3263 433 3328 loeo
455 3262 585 3349 quidam
608 3262 799 3330 mutandum
822 3284 894 3330 esse
922 3265 1174 3330 existimabant:
1206 3263 1413 3352 Musgravius

268 3366 302 3430 in
336 3376 543 3455 σοφωτέροις,
573 3369 744 3434 Nauokins
774 3369 808 3432 in
839 3371 929 3454 σοφῷ
950 3378 1092 3454 τρέφειν,
1122 3369 1212 3435 nulla
1239 3376 1276 3435 ut
1299 3368 1414 3457 opinor

269 3473 467 3538 neosssitats
490 3472 603 3538 roseti.
648 3472 744 3537 Haeo
766 3471 851 3536 enim
874 3482 925 3539 est
946 3475 1111 3538 sententia
1141 3479 1278 3561 poetae:
1311 3473 1413 3561 pluris

270 3597 344 3642 esse
366 3577 549 3663 sapientiae
579 3598 676 3643 usum
706 3596 804 3662 quam
835 3575 1038 3665 disciplinam
1070 3577 1271 3664 sapientis03
1302 3579 1413 3664 itaque

269 3687 345 3769 apte
376 3680 474 3746 dioit:
506 3679 652 3758 deodata
673 3679 867 3766 σοφώτερος,
899 3681 1076 3769 sapientior
1108 3680 1308 3766 (edueatore)
1342 3687 1413 3747 erat

270 3787 337 3873 (qui
369 3784 574 3853 eduoandnm
605 3783 741 3852 tradidit
775 3786 918 3874 sapienti
949 3785 1137 3870 edueatori).
1194 3786 1238 3854 Ut
1272 3786 1326 3852 lrio
1364 3787 1413 3850 ita

270 3891 401 3978 saepius
425 3890 536 3955 aoristi
568 3896 601 3955 et
631 3891 814 3978 praesentis
843 3893 1048 3979 partieipium
1070 3892 1103 3959 in
1126 3890 1240 3958 amem
1263 3890 1413 3982 exemplo

270 3996 451 4084 reperitnr3
472 3994 528 4061 eir.
549 3992 626 4060 Eur.
649 3993 737 4062 Med.
759 3996 843 4064 288:

373 4097 432 4179 aio
452 4095 553 4172 edna
573 4099 626 4170 sat
646 4097 794 4202 γήμαντα
815 4101 868 4178 aul
888 4111 1098 4200 γαμουμένφν,
1124 4139 1160 4156 -·
